step,bid,ask,mid,spread,scenario,timestamp
0,0.0,0.0,0,0.0,normal_market,1768731130.854808
1,999.9,1000.0,999.95,0.10000000000002274,normal_market,1768731130.859425
2,999.9,999.99,999.9449999999999,0.09000000000003183,normal_market,1768731130.861689
3,999.9,999.99,999.9449999999999,0.09000000000003183,normal_market,1768731130.862247
4,999.9,1000.0,999.95,0.10000000000002274,normal_market,1768731130.862928
5,999.9,1000.0,999.95,0.10000000000002274,normal_market,1768731130.863504
6,999.9,1000.0,999.95,0.10000000000002274,normal_market,1768731130.86397
7,999.9,1000.0,999.95,0.10000000000002274,normal_market,1768731130.864377
8,999.9,1000.0,999.95,0.10000000000002274,normal_market,1768731130.864779
9,999.9,1000.0,999.95,0.10000000000002274,normal_market,1768731130.8652108
10,999.9,1000.0,999.95,0.10000000000002274,normal_market,1768731130.8657181
11,999.9,1000.0,999.95,0.10000000000002274,normal_market,1768731130.866335
12,999.9,1000.0,999.95,0.10000000000002274,normal_market,1768731130.866827
13,999.9,1000.0,999.95,0.10000000000002274,normal_market,1768731130.867291
14,999.9,1000.0,999.95,0.10000000000002274,normal_market,1768731130.867792
15,999.9,1000.0,999.95,0.10000000000002274,normal_market,1768731130.868351
16,999.9,1000.0,999.95,0.10000000000002274,normal_market,1768731130.868835
17,999.9,1000.0,999.95,0.10000000000002274,normal_market,1768731130.86926
18,999.9,1000.0,999.95,0.10000000000002274,normal_market,1768731130.8698392
19,999.9,1000.0,999.95,0.10000000000002274,normal_market,1768731130.870302
20,999.9,1000.0,999.95,0.10000000000002274,normal_market,1768731130.8707662
21,999.9,1000.0,999.95,0.10000000000002274,normal_market,1768731130.8711538
22,999.9,1000.0,999.95,0.10000000000002274,normal_market,1768731130.871528
23,999.9,1000.0,999.95,0.10000000000002274,normal_market,1768731130.871862
24,999.9,1000.0,999.95,0.10000000000002274,normal_market,1768731130.872225
25,999.9,1000.0,999.95,0.10000000000002274,normal_market,1768731130.872648
26,999.9,1000.0,999.95,0.10000000000002274,normal_market,1768731130.873114
27,999.9,1000.0,999.95,0.10000000000002274,normal_market,1768731130.873523
28,999.9,1000.0,999.95,0.10000000000002274,normal_market,1768731130.8744771
29,999.9,1000.0,999.95,0.10000000000002274,normal_market,1768731130.875021
30,999.9,1000.0,999.95,0.10000000000002274,normal_market,1768731130.875488
31,999.9,1000.0,999.95,0.10000000000002274,normal_market,1768731130.875956
32,999.9,1000.0,999.95,0.10000000000002274,normal_market,1768731130.876616
33,999.9,1000.0,999.95,0.10000000000002274,normal_market,1768731130.877135
34,999.9,1000.0,999.95,0.10000000000002274,normal_market,1768731130.87768
35,999.9,1000.0,999.95,0.10000000000002274,normal_market,1768731130.8782
36,999.9,1000.0,999.95,0.10000000000002274,normal_market,1768731130.878645
37,999.9,1000.0,999.95,0.10000000000002274,normal_market,1768731130.8790588
38,999.9,1000.0,999.95,0.10000000000002274,normal_market,1768731130.8795378
39,999.9,1000.0,999.95,0.10000000000002274,normal_market,1768731130.880047
40,999.9,1000.0,999.95,0.10000000000002274,normal_market,1768731130.880484
41,999.9,1000.0,999.95,0.10000000000002274,normal_market,1768731130.8809621
42,999.9,1000.0,999.95,0.10000000000002274,normal_market,1768731130.881393
43,999.9,1000.0,999.95,0.10000000000002274,normal_market,1768731130.88183
44,999.9,1000.0,999.95,0.10000000000002274,normal_market,1768731130.882271
45,999.9,1000.0,999.95,0.10000000000002274,normal_market,1768731130.882771
46,999.9,1000.0,999.95,0.10000000000002274,normal_market,1768731130.883271
47,999.9,1000.0,999.95,0.10000000000002274,normal_market,1768731130.883772
48,999.9,1000.0,999.95,0.10000000000002274,normal_market,1768731130.884215
49,999.9,1000.0,999.95,0.10000000000002274,normal_market,1768731130.884628
50,999.9,1000.0,999.95,0.10000000000002274,normal_market,1768731130.885016
51,999.9,1000.0,999.95,0.10000000000002274,normal_market,1768731130.8978062
52,999.9,1000.0,999.95,0.10000000000002274,normal_market,1768731130.9005282
53,999.9,1000.0,999.95,0.10000000000002274,normal_market,1768731130.90167
54,999.9,1000.0,999.95,0.10000000000002274,normal_market,1768731130.9026701
55,999.9,1000.0,999.95,0.10000000000002274,normal_market,1768731130.903702
56,999.9,1000.0,999.95,0.10000000000002274,normal_market,1768731130.90469
57,999.9,1000.0,999.95,0.10000000000002274,normal_market,1768731130.9058409
58,999.9,1000.0,999.95,0.10000000000002274,normal_market,1768731130.907716
59,999.9,1000.0,999.95,0.10000000000002274,normal_market,1768731130.908927
60,999.9,1000.0,999.95,0.10000000000002274,normal_market,1768731130.910591
61,999.9,1000.0,999.95,0.10000000000002274,normal_market,1768731130.912407
62,999.9,1000.0,999.95,0.10000000000002274,normal_market,1768731130.913545
63,999.9,1000.0,999.95,0.10000000000002274,normal_market,1768731130.91474
64,999.9,1000.0,999.95,0.10000000000002274,normal_market,1768731130.9161
65,999.9,1000.0,999.95,0.10000000000002274,normal_market,1768731130.9173162
66,999.9,1000.0,999.95,0.10000000000002274,normal_market,1768731130.919029
67,999.9,1000.0,999.95,0.10000000000002274,normal_market,1768731130.921887
68,999.9,1000.0,999.95,0.10000000000002274,normal_market,1768731130.9234612
69,999.9,1000.0,999.95,0.10000000000002274,normal_market,1768731130.924563
70,999.9,1000.0,999.95,0.10000000000002274,normal_market,1768731130.9259799
71,999.9,1000.0,999.95,0.10000000000002274,normal_market,1768731130.92715
72,999.9,1000.0,999.95,0.10000000000002274,normal_market,1768731130.933106
73,999.9,1000.0,999.95,0.10000000000002274,normal_market,1768731130.933989
74,999.9,1000.0,999.95,0.10000000000002274,normal_market,1768731130.935166
75,999.9,1000.0,999.95,0.10000000000002274,normal_market,1768731130.936059
76,999.9,1000.0,999.95,0.10000000000002274,normal_market,1768731130.9390762
77,999.9,1000.0,999.95,0.10000000000002274,normal_market,1768731130.940076
78,999.9,1000.0,999.95,0.10000000000002274,normal_market,1768731130.9412081
79,999.9,1000.0,999.95,0.10000000000002274,normal_market,1768731130.942218
80,999.9,1000.0,999.95,0.10000000000002274,normal_market,1768731130.943226
81,999.9,1000.0,999.95,0.10000000000002274,normal_market,1768731130.944087
82,999.9,1000.0,999.95,0.10000000000002274,normal_market,1768731130.947635
83,999.9,1000.0,999.95,0.10000000000002274,normal_market,1768731130.94863
84,999.9,1000.0,999.95,0.10000000000002274,normal_market,1768731130.949603
85,999.9,1000.0,999.95,0.10000000000002274,normal_market,1768731130.9505699
86,999.9,1000.0,999.95,0.10000000000002274,normal_market,1768731130.951444
87,999.9,1000.0,999.95,0.10000000000002274,normal_market,1768731130.95236
88,999.9,1000.0,999.95,0.10000000000002274,normal_market,1768731130.953266
89,999.9,1000.0,999.95,0.10000000000002274,normal_market,1768731130.9541771
90,999.9,1000.0,999.95,0.10000000000002274,normal_market,1768731130.9550169
91,999.9,1000.0,999.95,0.10000000000002274,normal_market,1768731130.9559171
92,999.9,1000.0,999.95,0.10000000000002274,normal_market,1768731130.956903
93,999.9,1000.0,999.95,0.10000000000002274,normal_market,1768731130.958105
94,999.9,1000.0,999.95,0.10000000000002274,normal_market,1768731130.9589918
95,999.9,1000.0,999.95,0.10000000000002274,normal_market,1768731130.959984
96,999.9,1000.0,999.95,0.10000000000002274,normal_market,1768731130.960871
97,999.9,1000.0,999.95,0.10000000000002274,normal_market,1768731130.961706
98,999.9,1000.0,999.95,0.10000000000002274,normal_market,1768731130.9626088
99,999.9,1000.0,999.95,0.10000000000002274,normal_market,1768731130.963721
100,999.9,1000.0,999.95,0.10000000000002274,normal_market,1768731130.96459
101,999.9,1000.0,999.95,0.10000000000002274,normal_market,1768731130.9654489
102,999.9,1000.0,999.95,0.10000000000002274,normal_market,1768731130.969744
103,999.9,1000.0,999.95,0.10000000000002274,normal_market,1768731130.970835
104,999.9,1000.0,999.95,0.10000000000002274,normal_market,1768731130.9717638
105,999.9,1000.0,999.95,0.10000000000002274,normal_market,1768731130.972793
106,999.9,1000.0,999.95,0.10000000000002274,normal_market,1768731130.973708
107,999.9,1000.0,999.95,0.10000000000002274,normal_market,1768731130.974827
108,999.9,1000.0,999.95,0.10000000000002274,normal_market,1768731130.9762628
109,999.9,1000.0,999.95,0.10000000000002274,normal_market,1768731130.9774919
110,999.9,1000.0,999.95,0.10000000000002274,normal_market,1768731130.979239
111,999.9,1000.0,999.95,0.10000000000002274,normal_market,1768731130.980457
112,999.9,1000.0,999.95,0.10000000000002274,normal_market,1768731130.981463
113,999.9,1000.0,999.95,0.10000000000002274,normal_market,1768731130.9828238
114,999.9,1000.0,999.95,0.10000000000002274,normal_market,1768731130.9839098
115,999.9,1000.0,999.95,0.10000000000002274,normal_market,1768731130.985287
116,999.9,1000.0,999.95,0.10000000000002274,normal_market,1768731130.986311
117,999.9,1000.0,999.95,0.10000000000002274,normal_market,1768731130.98751
118,999.9,1000.0,999.95,0.10000000000002274,normal_market,1768731130.988607
119,999.9,1000.0,999.95,0.10000000000002274,normal_market,1768731130.9896991
120,999.9,1000.0,999.95,0.10000000000002274,normal_market,1768731130.990796
121,999.9,1000.0,999.95,0.10000000000002274,normal_market,1768731130.9918652
122,999.9,1000.0,999.95,0.10000000000002274,normal_market,1768731130.992852
123,999.9,1000.0,999.95,0.10000000000002274,normal_market,1768731130.993883
124,999.9,1000.0,999.95,0.10000000000002274,normal_market,1768731130.994896
125,999.9,1000.0,999.95,0.10000000000002274,normal_market,1768731130.996002
126,999.9,1000.0,999.95,0.10000000000002274,normal_market,1768731130.99691
127,999.9,1000.0,999.95,0.10000000000002274,normal_market,1768731130.9977658
128,999.9,1000.0,999.95,0.10000000000002274,normal_market,1768731130.998611
129,999.9,1000.0,999.95,0.10000000000002274,normal_market,1768731130.9997492
130,999.9,1000.0,999.95,0.10000000000002274,normal_market,1768731131.00083
131,999.9,1000.0,999.95,0.10000000000002274,normal_market,1768731131.001857
132,999.9,1000.0,999.95,0.10000000000002274,normal_market,1768731131.0028548
133,999.9,1000.0,999.95,0.10000000000002274,normal_market,1768731131.003864
134,999.9,1000.0,999.95,0.10000000000002274,normal_market,1768731131.004905
135,999.9,1000.0,999.95,0.10000000000002274,normal_market,1768731131.006022
136,999.9,1000.0,999.95,0.10000000000002274,normal_market,1768731131.00781
137,999.9,1000.0,999.95,0.10000000000002274,normal_market,1768731131.0087738
138,999.9,1000.0,999.95,0.10000000000002274,normal_market,1768731131.009771
139,999.9,1000.0,999.95,0.10000000000002274,normal_market,1768731131.01057
140,999.9,1000.0,999.95,0.10000000000002274,normal_market,1768731131.011317
141,999.9,1000.0,999.95,0.10000000000002274,normal_market,1768731131.0120761
142,999.9,1000.0,999.95,0.10000000000002274,normal_market,1768731131.0128052
143,999.9,1000.0,999.95,0.10000000000002274,normal_market,1768731131.013536
144,999.9,1000.0,999.95,0.10000000000002274,normal_market,1768731131.014234
145,999.9,1000.0,999.95,0.10000000000002274,normal_market,1768731131.014973
146,999.9,1000.0,999.95,0.10000000000002274,normal_market,1768731131.015856
147,999.9,1000.0,999.95,0.10000000000002274,normal_market,1768731131.0166342
148,999.9,1000.0,999.95,0.10000000000002274,normal_market,1768731131.017397
149,999.9,1000.0,999.95,0.10000000000002274,normal_market,1768731131.018206
150,999.9,1000.0,999.95,0.10000000000002274,normal_market,1768731131.01908
151,999.9,1000.0,999.95,0.10000000000002274,normal_market,1768731131.0198982
152,999.9,1000.0,999.95,0.10000000000002274,normal_market,1768731131.0220978
153,999.9,1000.0,999.95,0.10000000000002274,normal_market,1768731131.022992
154,999.9,1000.0,999.95,0.10000000000002274,normal_market,1768731131.023826
155,999.9,1000.0,999.95,0.10000000000002274,normal_market,1768731131.0247428
156,999.9,1000.0,999.95,0.10000000000002274,normal_market,1768731131.025561
157,999.9,1000.0,999.95,0.10000000000002274,normal_market,1768731131.026367
158,999.9,1000.0,999.95,0.10000000000002274,normal_market,1768731131.0280252
159,999.9,1000.0,999.95,0.10000000000002274,normal_market,1768731131.0291278
160,999.9,1000.0,999.95,0.10000000000002274,normal_market,1768731131.0299468
161,999.9,1000.0,999.95,0.10000000000002274,normal_market,1768731131.030717
162,999.9,1000.0,999.95,0.10000000000002274,normal_market,1768731131.031418
163,999.9,1000.0,999.95,0.10000000000002274,normal_market,1768731131.032149
164,999.9,1000.0,999.95,0.10000000000002274,normal_market,1768731131.033309
165,999.9,1000.0,999.95,0.10000000000002274,normal_market,1768731131.0345442
166,999.9,1000.0,999.95,0.10000000000002274,normal_market,1768731131.0357199
167,999.9,1000.0,999.95,0.10000000000002274,normal_market,1768731131.0368059
168,999.9,1000.0,999.95,0.10000000000002274,normal_market,1768731131.0377119
169,999.9,1000.0,999.95,0.10000000000002274,normal_market,1768731131.038661
170,999.9,1000.0,999.95,0.10000000000002274,normal_market,1768731131.0394702
171,999.9,1000.0,999.95,0.10000000000002274,normal_market,1768731131.040234
172,999.9,1000.0,999.95,0.10000000000002274,normal_market,1768731131.041365
173,999.9,1000.0,999.95,0.10000000000002274,normal_market,1768731131.04238
174,999.9,1000.0,999.95,0.10000000000002274,normal_market,1768731131.043411
175,999.9,1000.0,999.95,0.10000000000002274,normal_market,1768731131.0442848
176,999.9,1000.0,999.95,0.10000000000002274,normal_market,1768731131.0451689
177,999.9,1000.0,999.95,0.10000000000002274,normal_market,1768731131.046104
178,999.9,1000.0,999.95,0.10000000000002274,normal_market,1768731131.046828
179,999.9,1000.0,999.95,0.10000000000002274,normal_market,1768731131.0475461
180,999.9,1000.0,999.95,0.10000000000002274,normal_market,1768731131.0483131
181,999.9,1000.0,999.95,0.10000000000002274,normal_market,1768731131.049279
182,999.9,1000.0,999.95,0.10000000000002274,normal_market,1768731131.050102
183,999.9,1000.0,999.95,0.10000000000002274,normal_market,1768731131.050858
184,999.9,1000.0,999.95,0.10000000000002274,normal_market,1768731131.051572
185,999.9,1000.0,999.95,0.10000000000002274,normal_market,1768731131.0524008
186,999.9,1000.0,999.95,0.10000000000002274,normal_market,1768731131.0533981
187,999.9,1000.0,999.95,0.10000000000002274,normal_market,1768731131.054354
188,999.9,1000.0,999.95,0.10000000000002274,normal_market,1768731131.055787
189,999.9,1000.0,999.95,0.10000000000002274,normal_market,1768731131.05665
190,999.9,1000.0,999.95,0.10000000000002274,normal_market,1768731131.057596
191,999.9,1000.0,999.95,0.10000000000002274,normal_market,1768731131.0586472
192,999.9,1000.0,999.95,0.10000000000002274,normal_market,1768731131.0595572
193,999.9,1000.0,999.95,0.10000000000002274,normal_market,1768731131.060535
194,999.9,1000.0,999.95,0.10000000000002274,normal_market,1768731131.06168
195,999.9,1000.0,999.95,0.10000000000002274,normal_market,1768731131.062698
196,999.9,1000.0,999.95,0.10000000000002274,normal_market,1768731131.0637188
197,999.9,1000.0,999.95,0.10000000000002274,normal_market,1768731131.064499
198,999.9,1000.0,999.95,0.10000000000002274,normal_market,1768731131.065803
199,999.9,1000.0,999.95,0.10000000000002274,normal_market,1768731131.06675
200,999.9,1000.0,999.95,0.10000000000002274,normal_market,1768731131.0679219
201,999.9,1000.0,999.95,0.10000000000002274,normal_market,1768731131.06947
202,999.9,999.99,999.9449999999999,0.09000000000003183,normal_market,1768731131.072364
203,999.9,999.99,999.9449999999999,0.09000000000003183,normal_market,1768731131.0735989
204,999.9,999.99,999.9449999999999,0.09000000000003183,normal_market,1768731131.074789
205,999.9,999.99,999.9449999999999,0.09000000000003183,normal_market,1768731131.076003
206,999.9,999.99,999.9449999999999,0.09000000000003183,normal_market,1768731131.0772421
207,999.9,999.99,999.9449999999999,0.09000000000003183,normal_market,1768731131.0795672
208,999.9,1000.0,999.95,0.10000000000002274,normal_market,1768731131.090456
209,999.9,1000.0,999.95,0.10000000000002274,normal_market,1768731131.1105611
210,999.9,1000.0,999.95,0.10000000000002274,normal_market,1768731131.130445
211,999.9,1000.0,999.95,0.10000000000002274,normal_market,1768731131.131883
212,999.9,1000.0,999.95,0.10000000000002274,normal_market,1768731131.138508
213,999.9,1000.0,999.95,0.10000000000002274,normal_market,1768731131.1440692
214,999.9,1000.0,999.95,0.10000000000002274,normal_market,1768731131.1452749
215,999.9,1000.0,999.95,0.10000000000002274,normal_market,1768731131.1463318
216,999.9,1000.0,999.95,0.10000000000002274,normal_market,1768731131.1478
217,999.9,1000.0,999.95,0.10000000000002274,normal_market,1768731131.1498518
218,999.9,1000.0,999.95,0.10000000000002274,normal_market,1768731131.1507351
219,999.9,1000.0,999.95,0.10000000000002274,normal_market,1768731131.1515572
220,999.9,1000.0,999.95,0.10000000000002274,normal_market,1768731131.152742
221,999.9,1000.0,999.95,0.10000000000002274,normal_market,1768731131.153703
222,999.9,1000.0,999.95,0.10000000000002274,normal_market,1768731131.15466
223,999.9,1000.0,999.95,0.10000000000002274,normal_market,1768731131.155613
224,999.9,1000.0,999.95,0.10000000000002274,normal_market,1768731131.15662
225,999.9,1000.0,999.95,0.10000000000002274,normal_market,1768731131.157832
226,999.9,1000.0,999.95,0.10000000000002274,normal_market,1768731131.159034
227,999.9,1000.0,999.95,0.10000000000002274,normal_market,1768731131.1606882
228,999.9,1000.0,999.95,0.10000000000002274,normal_market,1768731131.162286
229,999.9,1000.0,999.95,0.10000000000002274,normal_market,1768731131.164233
230,999.9,1000.0,999.95,0.10000000000002274,normal_market,1768731131.166035
231,999.9,1000.0,999.95,0.10000000000002274,normal_market,1768731131.167532
232,999.9,1000.0,999.95,0.10000000000002274,normal_market,1768731131.168355
233,999.9,1000.0,999.95,0.10000000000002274,normal_market,1768731131.169188
234,999.9,1000.0,999.95,0.10000000000002274,normal_market,1768731131.170121
235,999.9,1000.0,999.95,0.10000000000002274,normal_market,1768731131.171309
236,999.9,1000.0,999.95,0.10000000000002274,normal_market,1768731131.1723468
237,999.9,1000.0,999.95,0.10000000000002274,normal_market,1768731131.173975
238,999.9,1000.0,999.95,0.10000000000002274,normal_market,1768731131.1749818
239,999.9,1000.0,999.95,0.10000000000002274,normal_market,1768731131.176068
240,999.9,1000.0,999.95,0.10000000000002274,normal_market,1768731131.177322
241,999.9,1000.0,999.95,0.10000000000002274,normal_market,1768731131.178421
242,999.9,1000.0,999.95,0.10000000000002274,normal_market,1768731131.1813278
243,999.9,1000.0,999.95,0.10000000000002274,normal_market,1768731131.182601
244,999.9,1000.0,999.95,0.10000000000002274,normal_market,1768731131.184041
245,999.9,1000.0,999.95,0.10000000000002274,normal_market,1768731131.185313
246,999.9,1000.0,999.95,0.10000000000002274,normal_market,1768731131.186537
247,999.9,1000.0,999.95,0.10000000000002274,normal_market,1768731131.18817
248,999.9,1000.0,999.95,0.10000000000002274,normal_market,1768731131.190291
249,999.9,1000.0,999.95,0.10000000000002274,normal_market,1768731131.191742
250,999.9,1000.0,999.95,0.10000000000002274,normal_market,1768731131.1926851
251,999.9,1000.0,999.95,0.10000000000002274,normal_market,1768731131.193898
252,999.9,1000.0,999.95,0.10000000000002274,normal_market,1768731131.195306
253,999.9,1000.0,999.95,0.10000000000002274,normal_market,1768731131.196861
254,999.9,1000.0,999.95,0.10000000000002274,normal_market,1768731131.19793
255,999.9,1000.0,999.95,0.10000000000002274,normal_market,1768731131.199352
256,999.9,1000.0,999.95,0.10000000000002274,normal_market,1768731131.200326
257,999.9,1000.0,999.95,0.10000000000002274,normal_market,1768731131.201282
258,999.9,1000.0,999.95,0.10000000000002274,normal_market,1768731131.2023182
259,999.9,1000.0,999.95,0.10000000000002274,normal_market,1768731131.2030861
260,999.9,1000.0,999.95,0.10000000000002274,normal_market,1768731131.203813
261,999.9,1000.0,999.95,0.10000000000002274,normal_market,1768731131.204551
262,999.9,1000.0,999.95,0.10000000000002274,normal_market,1768731131.205344
263,999.9,1000.0,999.95,0.10000000000002274,normal_market,1768731131.206065
264,999.9,1000.0,999.95,0.10000000000002274,normal_market,1768731131.206817
265,999.9,1000.0,999.95,0.10000000000002274,normal_market,1768731131.208531
266,999.9,1000.0,999.95,0.10000000000002274,normal_market,1768731131.211984
267,999.9,1000.0,999.95,0.10000000000002274,normal_market,1768731131.21357
268,999.9,1000.0,999.95,0.10000000000002274,normal_market,1768731131.214907
269,999.9,1000.0,999.95,0.10000000000002274,normal_market,1768731131.216866
270,999.9,1000.0,999.95,0.10000000000002274,normal_market,1768731131.218356
271,999.9,1000.0,999.95,0.10000000000002274,normal_market,1768731131.219568
272,999.9,1000.0,999.95,0.10000000000002274,normal_market,1768731131.2211041
273,999.9,1000.0,999.95,0.10000000000002274,normal_market,1768731131.2225358
274,999.9,1000.0,999.95,0.10000000000002274,normal_market,1768731131.22352
275,999.9,1000.0,999.95,0.10000000000002274,normal_market,1768731131.226155
276,999.9,1000.0,999.95,0.10000000000002274,normal_market,1768731131.22894
277,999.9,1000.0,999.95,0.10000000000002274,normal_market,1768731131.230227
278,999.9,1000.0,999.95,0.10000000000002274,normal_market,1768731131.231267
279,999.9,1000.0,999.95,0.10000000000002274,normal_market,1768731131.232085
280,999.9,1000.0,999.95,0.10000000000002274,normal_market,1768731131.2332108
281,999.9,1000.0,999.95,0.10000000000002274,normal_market,1768731131.234134
282,999.9,1000.0,999.95,0.10000000000002274,normal_market,1768731131.234903
283,999.9,1000.0,999.95,0.10000000000002274,normal_market,1768731131.235571
284,999.9,1000.0,999.95,0.10000000000002274,normal_market,1768731131.236366
285,999.9,1000.0,999.95,0.10000000000002274,normal_market,1768731131.237182
286,999.9,1000.0,999.95,0.10000000000002274,normal_market,1768731131.238105
287,999.9,1000.0,999.95,0.10000000000002274,normal_market,1768731131.238842
288,999.9,1000.0,999.95,0.10000000000002274,normal_market,1768731131.239587
289,999.9,1000.0,999.95,0.10000000000002274,normal_market,1768731131.240509
290,999.9,1000.0,999.95,0.10000000000002274,normal_market,1768731131.2415638
291,999.9,1000.0,999.95,0.10000000000002274,normal_market,1768731131.242603
292,999.9,1000.0,999.95,0.10000000000002274,normal_market,1768731131.243408
293,999.9,1000.0,999.95,0.10000000000002274,normal_market,1768731131.244097
294,999.9,1000.0,999.95,0.10000000000002274,normal_market,1768731131.244947
295,999.9,1000.0,999.95,0.10000000000002274,normal_market,1768731131.245673
296,999.9,1000.0,999.95,0.10000000000002274,normal_market,1768731131.246337
297,999.9,1000.0,999.95,0.10000000000002274,normal_market,1768731131.2470798
298,999.9,1000.0,999.95,0.10000000000002274,normal_market,1768731131.247943
299,999.9,1000.0,999.95,0.10000000000002274,normal_market,1768731131.248697
300,999.9,1000.0,999.95,0.10000000000002274,normal_market,1768731131.2497568
301,999.9,1000.0,999.95,0.10000000000002274,normal_market,1768731131.250937
302,999.9,1000.0,999.95,0.10000000000002274,normal_market,1768731131.251783
303,999.9,1000.0,999.95,0.10000000000002274,normal_market,1768731131.252605
304,999.9,1000.0,999.95,0.10000000000002274,normal_market,1768731131.2533839
305,999.9,1000.0,999.95,0.10000000000002274,normal_market,1768731131.254375
306,999.9,1000.0,999.95,0.10000000000002274,normal_market,1768731131.255324
307,999.9,1000.0,999.95,0.10000000000002274,normal_market,1768731131.256062
308,999.9,1000.0,999.95,0.10000000000002274,normal_market,1768731131.256734
309,999.9,1000.0,999.95,0.10000000000002274,normal_market,1768731131.25759
310,999.9,1000.0,999.95,0.10000000000002274,normal_market,1768731131.258423
311,999.9,1000.0,999.95,0.10000000000002274,normal_market,1768731131.259292
312,999.9,1000.0,999.95,0.10000000000002274,normal_market,1768731131.260084
313,999.9,1000.0,999.95,0.10000000000002274,normal_market,1768731131.260885
314,999.9,1000.0,999.95,0.10000000000002274,normal_market,1768731131.2617018
315,999.9,1000.0,999.95,0.10000000000002274,normal_market,1768731131.262572
316,999.9,1000.0,999.95,0.10000000000002274,normal_market,1768731131.2634292
317,999.9,1000.0,999.95,0.10000000000002274,normal_market,1768731131.2642078
318,999.9,1000.0,999.95,0.10000000000002274,normal_market,1768731131.264978
319,999.9,1000.0,999.95,0.10000000000002274,normal_market,1768731131.265951
320,999.9,1000.0,999.95,0.10000000000002274,normal_market,1768731131.2667809
321,999.9,1000.0,999.95,0.10000000000002274,normal_market,1768731131.2676322
322,999.9,1000.0,999.95,0.10000000000002274,normal_market,1768731131.2683678
323,999.9,1000.0,999.95,0.10000000000002274,normal_market,1768731131.269015
324,999.9,1000.0,999.95,0.10000000000002274,normal_market,1768731131.269802
325,999.9,1000.0,999.95,0.10000000000002274,normal_market,1768731131.270499
326,999.9,1000.0,999.95,0.10000000000002274,normal_market,1768731131.271134
327,999.9,1000.0,999.95,0.10000000000002274,normal_market,1768731131.27176
328,999.9,1000.0,999.95,0.10000000000002274,normal_market,1768731131.272396
329,999.9,1000.0,999.95,0.10000000000002274,normal_market,1768731131.273118
330,999.9,1000.0,999.95,0.10000000000002274,normal_market,1768731131.2738712
331,999.9,1000.0,999.95,0.10000000000002274,normal_market,1768731131.2745862
332,999.9,1000.0,999.95,0.10000000000002274,normal_market,1768731131.275417
333,999.9,1000.0,999.95,0.10000000000002274,normal_market,1768731131.276167
334,999.9,1000.0,999.95,0.10000000000002274,normal_market,1768731131.276822
335,999.9,1000.0,999.95,0.10000000000002274,normal_market,1768731131.277505
336,999.9,1000.0,999.95,0.10000000000002274,normal_market,1768731131.27828
337,999.9,1000.0,999.95,0.10000000000002274,normal_market,1768731131.2791748
338,999.9,1000.0,999.95,0.10000000000002274,normal_market,1768731131.2801092
339,999.9,1000.0,999.95,0.10000000000002274,normal_market,1768731131.280871
340,999.9,1000.0,999.95,0.10000000000002274,normal_market,1768731131.2818198
341,999.9,1000.0,999.95,0.10000000000002274,normal_market,1768731131.283097
342,999.9,1000.0,999.95,0.10000000000002274,normal_market,1768731131.28606
343,999.9,1000.0,999.95,0.10000000000002274,normal_market,1768731131.287167
344,999.9,1000.0,999.95,0.10000000000002274,normal_market,1768731131.2883918
345,999.9,1000.0,999.95,0.10000000000002274,normal_market,1768731131.289386
346,999.9,1000.0,999.95,0.10000000000002274,normal_market,1768731131.29041
347,999.9,1000.0,999.95,0.10000000000002274,normal_market,1768731131.291759
348,999.9,1000.0,999.95,0.10000000000002274,normal_market,1768731131.292758
349,999.9,1000.0,999.95,0.10000000000002274,normal_market,1768731131.293909
350,999.9,1000.0,999.95,0.10000000000002274,normal_market,1768731131.295097
351,999.9,1000.0,999.95,0.10000000000002274,normal_market,1768731131.2961721
352,999.9,1000.0,999.95,0.10000000000002274,normal_market,1768731131.2971609
353,999.9,1000.0,999.95,0.10000000000002274,normal_market,1768731131.299017
354,999.9,1000.0,999.95,0.10000000000002274,normal_market,1768731131.3004758
355,999.9,1000.0,999.95,0.10000000000002274,normal_market,1768731131.301781
356,999.9,1000.0,999.95,0.10000000000002274,normal_market,1768731131.302748
357,999.9,1000.0,999.95,0.10000000000002274,normal_market,1768731131.303988
358,999.9,1000.0,999.95,0.10000000000002274,normal_market,1768731131.304945
359,999.9,1000.0,999.95,0.10000000000002274,normal_market,1768731131.306216
360,999.9,1000.0,999.95,0.10000000000002274,normal_market,1768731131.30756
361,999.9,1000.0,999.95,0.10000000000002274,normal_market,1768731131.30932
362,999.9,1000.0,999.95,0.10000000000002274,normal_market,1768731131.310425
363,999.9,1000.0,999.95,0.10000000000002274,normal_market,1768731131.312225
364,999.9,1000.0,999.95,0.10000000000002274,normal_market,1768731131.3138108
365,999.9,1000.0,999.95,0.10000000000002274,normal_market,1768731131.314927
366,999.9,1000.0,999.95,0.10000000000002274,normal_market,1768731131.316024
367,999.9,1000.0,999.95,0.10000000000002274,normal_market,1768731131.317052
368,999.9,1000.0,999.95,0.10000000000002274,normal_market,1768731131.318091
369,999.9,1000.0,999.95,0.10000000000002274,normal_market,1768731131.320262
370,999.9,1000.0,999.95,0.10000000000002274,normal_market,1768731131.321435
371,999.9,1000.0,999.95,0.10000000000002274,normal_market,1768731131.322618
372,999.9,1000.0,999.95,0.10000000000002274,normal_market,1768731131.3238888
373,999.9,1000.0,999.95,0.10000000000002274,normal_market,1768731131.324998
374,999.9,1000.0,999.95,0.10000000000002274,normal_market,1768731131.3259158
375,999.9,1000.0,999.95,0.10000000000002274,normal_market,1768731131.327138
376,999.9,1000.0,999.95,0.10000000000002274,normal_market,1768731131.328489
377,999.9,1000.0,999.95,0.10000000000002274,normal_market,1768731131.329463
378,999.9,1000.0,999.95,0.10000000000002274,normal_market,1768731131.3304288
379,999.9,1000.0,999.95,0.10000000000002274,normal_market,1768731131.331407
380,999.9,1000.0,999.95,0.10000000000002274,normal_market,1768731131.332243
381,999.9,1000.0,999.95,0.10000000000002274,normal_market,1768731131.333035
382,999.9,1000.0,999.95,0.10000000000002274,normal_market,1768731131.3337831
383,999.9,1000.0,999.95,0.10000000000002274,normal_market,1768731131.334481
384,999.9,1000.0,999.95,0.10000000000002274,normal_market,1768731131.335148
385,999.9,1000.0,999.95,0.10000000000002274,normal_market,1768731131.3358452
386,999.9,1000.0,999.95,0.10000000000002274,normal_market,1768731131.336556
387,999.9,1000.0,999.95,0.10000000000002274,normal_market,1768731131.3372538
388,999.9,1000.0,999.95,0.10000000000002274,normal_market,1768731131.3379211
389,999.9,1000.0,999.95,0.10000000000002274,normal_market,1768731131.3387651
390,999.9,1000.0,999.95,0.10000000000002274,normal_market,1768731131.3394701
391,999.9,1000.0,999.95,0.10000000000002274,normal_market,1768731131.340107
392,999.9,1000.0,999.95,0.10000000000002274,normal_market,1768731131.340829
393,999.9,1000.0,999.95,0.10000000000002274,normal_market,1768731131.341598
394,999.9,1000.0,999.95,0.10000000000002274,normal_market,1768731131.34245
395,999.9,1000.0,999.95,0.10000000000002274,normal_market,1768731131.343303
396,999.9,1000.0,999.95,0.10000000000002274,normal_market,1768731131.344032
397,999.9,1000.0,999.95,0.10000000000002274,normal_market,1768731131.344726
398,999.9,1000.0,999.95,0.10000000000002274,normal_market,1768731131.3454359
399,999.9,1000.0,999.95,0.10000000000002274,normal_market,1768731131.346186
400,999.9,1000.0,999.95,0.10000000000002274,normal_market,1768731131.346869
401,999.9,1000.0,999.95,0.10000000000002274,normal_market,1768731131.3475971
402,999.9,1000.0,999.95,0.10000000000002274,normal_market,1768731131.348344
403,999.9,1000.0,999.95,0.10000000000002274,normal_market,1768731131.34908
404,999.9,1000.0,999.95,0.10000000000002274,normal_market,1768731131.349848
405,999.9,1000.0,999.95,0.10000000000002274,normal_market,1768731131.350603
406,999.9,1000.0,999.95,0.10000000000002274,normal_market,1768731131.351331
407,999.91,1000.0,999.9549999999999,0.09000000000003183,normal_market,1768731131.3535218
408,999.9,1000.0,999.95,0.10000000000002274,normal_market,1768731131.3546329
409,999.9,1000.0,999.95,0.10000000000002274,normal_market,1768731131.3557818
410,999.9,1000.0,999.95,0.10000000000002274,normal_market,1768731131.3569899
411,999.9,1000.0,999.95,0.10000000000002274,normal_market,1768731131.358338
412,999.9,1000.0,999.95,0.10000000000002274,normal_market,1768731131.359385
413,999.9,1000.0,999.95,0.10000000000002274,normal_market,1768731131.360368
414,999.9,1000.0,999.95,0.10000000000002274,normal_market,1768731131.361239
415,999.9,1000.0,999.95,0.10000000000002274,normal_market,1768731131.361969
416,999.9,1000.0,999.95,0.10000000000002274,normal_market,1768731131.362741
417,999.9,1000.0,999.95,0.10000000000002274,normal_market,1768731131.36359
418,999.9,1000.0,999.95,0.10000000000002274,normal_market,1768731131.3642502
419,999.9,1000.0,999.95,0.10000000000002274,normal_market,1768731131.365012
420,999.9,1000.0,999.95,0.10000000000002274,normal_market,1768731131.3658419
421,999.9,1000.0,999.95,0.10000000000002274,normal_market,1768731131.36683
422,999.9,1000.0,999.95,0.10000000000002274,normal_market,1768731131.367702
423,999.9,1000.0,999.95,0.10000000000002274,normal_market,1768731131.368692
424,999.9,1000.0,999.95,0.10000000000002274,normal_market,1768731131.369621
425,999.9,1000.0,999.95,0.10000000000002274,normal_market,1768731131.370392
426,999.9,1000.0,999.95,0.10000000000002274,normal_market,1768731131.37116
427,999.9,1000.0,999.95,0.10000000000002274,normal_market,1768731131.3719318
428,999.9,1000.0,999.95,0.10000000000002274,normal_market,1768731131.372614
429,999.9,1000.0,999.95,0.10000000000002274,normal_market,1768731131.373365
430,999.9,1000.0,999.95,0.10000000000002274,normal_market,1768731131.374282
431,999.9,1000.0,999.95,0.10000000000002274,normal_market,1768731131.3750908
432,999.9,1000.0,999.95,0.10000000000002274,normal_market,1768731131.375823
433,999.9,1000.0,999.95,0.10000000000002274,normal_market,1768731131.376684
434,999.9,1000.0,999.95,0.10000000000002274,normal_market,1768731131.377356
435,999.9,1000.0,999.95,0.10000000000002274,normal_market,1768731131.37809
436,999.9,1000.0,999.95,0.10000000000002274,normal_market,1768731131.37884
437,999.9,1000.0,999.95,0.10000000000002274,normal_market,1768731131.379555
438,999.9,1000.0,999.95,0.10000000000002274,normal_market,1768731131.38026
439,999.9,1000.0,999.95,0.10000000000002274,normal_market,1768731131.381139
440,999.9,1000.0,999.95,0.10000000000002274,normal_market,1768731131.3817978
441,999.9,1000.0,999.95,0.10000000000002274,normal_market,1768731131.382642
442,999.9,1000.0,999.95,0.10000000000002274,normal_market,1768731131.383573
443,999.9,1000.0,999.95,0.10000000000002274,normal_market,1768731131.384227
444,999.9,1000.0,999.95,0.10000000000002274,normal_market,1768731131.3848588
445,999.9,1000.0,999.95,0.10000000000002274,normal_market,1768731131.385547
446,999.9,1000.0,999.95,0.10000000000002274,normal_market,1768731131.386223
447,999.9,1000.0,999.95,0.10000000000002274,normal_market,1768731131.3868978
448,999.9,1000.0,999.95,0.10000000000002274,normal_market,1768731131.3876312
449,999.9,1000.0,999.95,0.10000000000002274,normal_market,1768731131.3883169
450,999.9,1000.0,999.95,0.10000000000002274,normal_market,1768731131.38892
451,999.9,1000.0,999.95,0.10000000000002274,normal_market,1768731131.389548
452,999.9,1000.0,999.95,0.10000000000002274,normal_market,1768731131.39024
453,999.9,1000.0,999.95,0.10000000000002274,normal_market,1768731131.39109
454,999.9,1000.0,999.95,0.10000000000002274,normal_market,1768731131.391823
455,999.9,1000.0,999.95,0.10000000000002274,normal_market,1768731131.392461
456,999.9,1000.0,999.95,0.10000000000002274,normal_market,1768731131.393099
457,999.91,1000.0,999.9549999999999,0.09000000000003183,normal_market,1768731131.395102
458,999.9,1000.0,999.95,0.10000000000002274,normal_market,1768731131.395936
459,999.9,1000.0,999.95,0.10000000000002274,normal_market,1768731131.396914
460,999.9,1000.0,999.95,0.10000000000002274,normal_market,1768731131.397666
461,999.9,1000.0,999.95,0.10000000000002274,normal_market,1768731131.3984692
462,999.9,1000.0,999.95,0.10000000000002274,normal_market,1768731131.399533
463,999.9,1000.0,999.95,0.10000000000002274,normal_market,1768731131.4005492
464,999.9,1000.0,999.95,0.10000000000002274,normal_market,1768731131.401571
465,999.9,1000.0,999.95,0.10000000000002274,normal_market,1768731131.402344
466,999.9,1000.0,999.95,0.10000000000002274,normal_market,1768731131.403309
467,999.9,1000.0,999.95,0.10000000000002274,normal_market,1768731131.404268
468,999.9,1000.0,999.95,0.10000000000002274,normal_market,1768731131.404892
469,999.9,1000.0,999.95,0.10000000000002274,normal_market,1768731131.405647
470,999.9,1000.0,999.95,0.10000000000002274,normal_market,1768731131.406359
471,999.9,1000.0,999.95,0.10000000000002274,normal_market,1768731131.406996
472,999.9,1000.0,999.95,0.10000000000002274,normal_market,1768731131.4077718
473,999.9,1000.0,999.95,0.10000000000002274,normal_market,1768731131.408684
474,999.9,1000.0,999.95,0.10000000000002274,normal_market,1768731131.409499
475,999.9,1000.0,999.95,0.10000000000002274,normal_market,1768731131.4102242
476,999.9,1000.0,999.95,0.10000000000002274,normal_market,1768731131.4112341
477,999.9,1000.0,999.95,0.10000000000002274,normal_market,1768731131.412637
478,999.9,1000.0,999.95,0.10000000000002274,normal_market,1768731131.4139252
479,999.9,1000.0,999.95,0.10000000000002274,normal_market,1768731131.4149618
480,999.9,1000.0,999.95,0.10000000000002274,normal_market,1768731131.415892
481,999.9,1000.0,999.95,0.10000000000002274,normal_market,1768731131.416894
482,999.9,1000.0,999.95,0.10000000000002274,normal_market,1768731131.417856
483,999.9,1000.0,999.95,0.10000000000002274,normal_market,1768731131.418842
484,999.9,1000.0,999.95,0.10000000000002274,normal_market,1768731131.4198442
485,999.9,1000.0,999.95,0.10000000000002274,normal_market,1768731131.420665
486,999.9,1000.0,999.95,0.10000000000002274,normal_market,1768731131.421477
487,999.9,1000.0,999.95,0.10000000000002274,normal_market,1768731131.422262
488,999.9,1000.0,999.95,0.10000000000002274,normal_market,1768731131.422981
489,999.9,1000.0,999.95,0.10000000000002274,normal_market,1768731131.4237509
490,999.9,1000.0,999.95,0.10000000000002274,normal_market,1768731131.424698
491,999.9,1000.0,999.95,0.10000000000002274,normal_market,1768731131.425569
492,999.9,1000.0,999.95,0.10000000000002274,normal_market,1768731131.426326
493,999.9,1000.0,999.95,0.10000000000002274,normal_market,1768731131.4270358
494,999.9,1000.0,999.95,0.10000000000002274,normal_market,1768731131.4277608
495,999.9,1000.0,999.95,0.10000000000002274,normal_market,1768731131.428641
496,999.9,1000.0,999.95,0.10000000000002274,normal_market,1768731131.4294
497,999.9,1000.0,999.95,0.10000000000002274,normal_market,1768731131.430159
498,999.9,1000.0,999.95,0.10000000000002274,normal_market,1768731131.430896
499,999.9,1000.0,999.95,0.10000000000002274,normal_market,1768731131.431639
500,999.9,1000.0,999.95,0.10000000000002274,normal_market,1768731131.4324439
501,999.9,1000.0,999.95,0.10000000000002274,normal_market,1768731131.433305
502,999.9,1000.0,999.95,0.10000000000002274,normal_market,1768731131.434134
503,999.9,1000.0,999.95,0.10000000000002274,normal_market,1768731131.434834
504,999.9,1000.0,999.95,0.10000000000002274,normal_market,1768731131.4355688
505,999.9,1000.0,999.95,0.10000000000002274,normal_market,1768731131.436311
506,999.9,1000.0,999.95,0.10000000000002274,normal_market,1768731131.4370172
507,999.9,1000.0,999.95,0.10000000000002274,normal_market,1768731131.439129
508,999.9,1000.0,999.95,0.10000000000002274,normal_market,1768731131.440027
509,999.9,1000.0,999.95,0.10000000000002274,normal_market,1768731131.440928
510,999.9,1000.0,999.95,0.10000000000002274,normal_market,1768731131.4418612
511,999.9,1000.0,999.95,0.10000000000002274,normal_market,1768731131.4427588
512,999.9,1000.0,999.95,0.10000000000002274,normal_market,1768731131.4438012
513,999.9,1000.0,999.95,0.10000000000002274,normal_market,1768731131.445011
514,999.9,1000.0,999.95,0.10000000000002274,normal_market,1768731131.44594
515,999.9,1000.0,999.95,0.10000000000002274,normal_market,1768731131.446767
516,999.9,1000.0,999.95,0.10000000000002274,normal_market,1768731131.447555
517,999.9,1000.0,999.95,0.10000000000002274,normal_market,1768731131.44832
518,999.9,1000.0,999.95,0.10000000000002274,normal_market,1768731131.4490921
519,999.9,1000.0,999.95,0.10000000000002274,normal_market,1768731131.449972
520,999.9,1000.0,999.95,0.10000000000002274,normal_market,1768731131.450913
521,999.9,1000.0,999.95,0.10000000000002274,normal_market,1768731131.452974
522,999.9,1000.0,999.95,0.10000000000002274,normal_market,1768731131.4539561
523,999.9,1000.0,999.95,0.10000000000002274,normal_market,1768731131.4547641
524,999.9,1000.0,999.95,0.10000000000002274,normal_market,1768731131.455433
525,999.9,1000.0,999.95,0.10000000000002274,normal_market,1768731131.456168
526,999.9,1000.0,999.95,0.10000000000002274,normal_market,1768731131.456901
527,999.9,1000.0,999.95,0.10000000000002274,normal_market,1768731131.458036
528,999.9,1000.0,999.95,0.10000000000002274,normal_market,1768731131.458982
529,999.9,1000.0,999.95,0.10000000000002274,normal_market,1768731131.459916
530,999.9,1000.0,999.95,0.10000000000002274,normal_market,1768731131.4606779
531,999.9,1000.0,999.95,0.10000000000002274,normal_market,1768731131.461403
532,999.9,1000.0,999.95,0.10000000000002274,normal_market,1768731131.4621031
533,999.9,1000.0,999.95,0.10000000000002274,normal_market,1768731131.462819
534,999.9,1000.0,999.95,0.10000000000002274,normal_market,1768731131.4635122
535,999.9,1000.0,999.95,0.10000000000002274,normal_market,1768731131.464177
536,999.9,1000.0,999.95,0.10000000000002274,normal_market,1768731131.464881
537,999.9,1000.0,999.95,0.10000000000002274,normal_market,1768731131.465622
538,999.9,1000.0,999.95,0.10000000000002274,normal_market,1768731131.466507
539,999.9,1000.0,999.95,0.10000000000002274,normal_market,1768731131.467256
540,999.9,1000.0,999.95,0.10000000000002274,normal_market,1768731131.467978
541,999.9,1000.0,999.95,0.10000000000002274,normal_market,1768731131.468647
542,999.9,1000.0,999.95,0.10000000000002274,normal_market,1768731131.4692962
543,999.9,1000.0,999.95,0.10000000000002274,normal_market,1768731131.470007
544,999.9,1000.0,999.95,0.10000000000002274,normal_market,1768731131.470745
545,999.9,1000.0,999.95,0.10000000000002274,normal_market,1768731131.4715252
546,999.9,1000.0,999.95,0.10000000000002274,normal_market,1768731131.4722738
547,999.9,1000.0,999.95,0.10000000000002274,normal_market,1768731131.4730408
548,999.9,1000.0,999.95,0.10000000000002274,normal_market,1768731131.4740548
549,999.9,1000.0,999.95,0.10000000000002274,normal_market,1768731131.474986
550,999.9,1000.0,999.95,0.10000000000002274,normal_market,1768731131.4759738
551,999.9,1000.0,999.95,0.10000000000002274,normal_market,1768731131.4768891
552,999.9,1000.0,999.95,0.10000000000002274,normal_market,1768731131.477727
553,999.9,1000.0,999.95,0.10000000000002274,normal_market,1768731131.478473
554,999.9,1000.0,999.95,0.10000000000002274,normal_market,1768731131.479241
555,999.9,1000.0,999.95,0.10000000000002274,normal_market,1768731131.479997
556,999.9,1000.0,999.95,0.10000000000002274,normal_market,1768731131.4808252
557,999.91,1000.0,999.9549999999999,0.09000000000003183,normal_market,1768731131.4832551
558,999.9,1000.0,999.95,0.10000000000002274,normal_market,1768731131.48438
559,999.9,1000.0,999.95,0.10000000000002274,normal_market,1768731131.485218
560,999.9,1000.0,999.95,0.10000000000002274,normal_market,1768731131.486024
561,999.9,1000.0,999.95,0.10000000000002274,normal_market,1768731131.4867032
562,999.9,1000.0,999.95,0.10000000000002274,normal_market,1768731131.4873989
563,999.9,1000.0,999.95,0.10000000000002274,normal_market,1768731131.488171
564,999.9,1000.0,999.95,0.10000000000002274,normal_market,1768731131.488868
565,999.9,1000.0,999.95,0.10000000000002274,normal_market,1768731131.489697
566,999.9,1000.0,999.95,0.10000000000002274,normal_market,1768731131.49047
567,999.9,1000.0,999.95,0.10000000000002274,normal_market,1768731131.4914281
568,999.9,1000.0,999.95,0.10000000000002274,normal_market,1768731131.492446
569,999.9,1000.0,999.95,0.10000000000002274,normal_market,1768731131.4935691
570,999.9,1000.0,999.95,0.10000000000002274,normal_market,1768731131.4943502
571,999.9,1000.0,999.95,0.10000000000002274,normal_market,1768731131.495271
572,999.9,1000.0,999.95,0.10000000000002274,normal_market,1768731131.496083
573,999.9,1000.0,999.95,0.10000000000002274,normal_market,1768731131.496811
574,999.9,1000.0,999.95,0.10000000000002274,normal_market,1768731131.497529
575,999.9,1000.0,999.95,0.10000000000002274,normal_market,1768731131.4983628
576,999.9,1000.0,999.95,0.10000000000002274,normal_market,1768731131.499239
577,999.9,1000.0,999.95,0.10000000000002274,normal_market,1768731131.500385
578,999.9,1000.0,999.95,0.10000000000002274,normal_market,1768731131.501398
579,999.9,1000.0,999.95,0.10000000000002274,normal_market,1768731131.502262
580,999.9,1000.0,999.95,0.10000000000002274,normal_market,1768731131.503139
581,999.9,1000.0,999.95,0.10000000000002274,normal_market,1768731131.5039449
582,999.9,1000.0,999.95,0.10000000000002274,normal_market,1768731131.504888
583,999.9,1000.0,999.95,0.10000000000002274,normal_market,1768731131.505852
584,999.9,1000.0,999.95,0.10000000000002274,normal_market,1768731131.5067651
585,999.9,1000.0,999.95,0.10000000000002274,normal_market,1768731131.5079181
586,999.9,1000.0,999.95,0.10000000000002274,normal_market,1768731131.508863
587,999.9,1000.0,999.95,0.10000000000002274,normal_market,1768731131.5096982
588,999.9,1000.0,999.95,0.10000000000002274,normal_market,1768731131.510477
589,999.9,1000.0,999.95,0.10000000000002274,normal_market,1768731131.511264
590,999.9,1000.0,999.95,0.10000000000002274,normal_market,1768731131.512079
591,999.9,1000.0,999.95,0.10000000000002274,normal_market,1768731131.5128992
592,999.9,1000.0,999.95,0.10000000000002274,normal_market,1768731131.513648
593,999.9,1000.0,999.95,0.10000000000002274,normal_market,1768731131.514533
594,999.9,1000.0,999.95,0.10000000000002274,normal_market,1768731131.5153348
595,999.9,1000.0,999.95,0.10000000000002274,normal_market,1768731131.5163882
596,999.9,1000.0,999.95,0.10000000000002274,normal_market,1768731131.5172968
597,999.9,1000.0,999.95,0.10000000000002274,normal_market,1768731131.518037
598,999.9,1000.0,999.95,0.10000000000002274,normal_market,1768731131.518752
599,999.9,1000.0,999.95,0.10000000000002274,normal_market,1768731131.519521
600,999.9,1000.0,999.95,0.10000000000002274,normal_market,1768731131.520316
601,999.9,1000.0,999.95,0.10000000000002274,normal_market,1768731131.521278
602,999.9,1000.0,999.95,0.10000000000002274,normal_market,1768731131.522016
603,999.9,1000.0,999.95,0.10000000000002274,normal_market,1768731131.522822
604,999.9,1000.0,999.95,0.10000000000002274,normal_market,1768731131.523485
605,999.9,1000.0,999.95,0.10000000000002274,normal_market,1768731131.524373
606,999.9,1000.0,999.95,0.10000000000002274,normal_market,1768731131.525121
607,999.9,1000.0,999.95,0.10000000000002274,normal_market,1768731131.5278988
608,999.9,1000.0,999.95,0.10000000000002274,normal_market,1768731131.5289228
609,999.9,1000.0,999.95,0.10000000000002274,normal_market,1768731131.52972
610,999.9,1000.0,999.95,0.10000000000002274,normal_market,1768731131.530426
611,999.9,1000.0,999.95,0.10000000000002274,normal_market,1768731131.5311518
612,999.9,1000.0,999.95,0.10000000000002274,normal_market,1768731131.5319018
613,999.9,1000.0,999.95,0.10000000000002274,normal_market,1768731131.532798
614,999.9,1000.0,999.95,0.10000000000002274,normal_market,1768731131.5335732
615,999.9,1000.0,999.95,0.10000000000002274,normal_market,1768731131.534718
616,999.9,1000.0,999.95,0.10000000000002274,normal_market,1768731131.535838
617,999.9,1000.0,999.95,0.10000000000002274,normal_market,1768731131.536701
618,999.9,1000.0,999.95,0.10000000000002274,normal_market,1768731131.537376
619,999.9,1000.0,999.95,0.10000000000002274,normal_market,1768731131.5380301
620,999.9,1000.0,999.95,0.10000000000002274,normal_market,1768731131.5386822
621,999.9,1000.0,999.95,0.10000000000002274,normal_market,1768731131.5393531
622,999.9,1000.0,999.95,0.10000000000002274,normal_market,1768731131.5400362
623,999.9,1000.0,999.95,0.10000000000002274,normal_market,1768731131.540815
624,999.9,1000.0,999.95,0.10000000000002274,normal_market,1768731131.54164
625,999.9,1000.0,999.95,0.10000000000002274,normal_market,1768731131.5426078
626,999.9,1000.0,999.95,0.10000000000002274,normal_market,1768731131.543752
627,999.9,1000.0,999.95,0.10000000000002274,normal_market,1768731131.5445719
628,999.9,1000.0,999.95,0.10000000000002274,normal_market,1768731131.545504
629,999.9,1000.0,999.95,0.10000000000002274,normal_market,1768731131.546227
630,999.9,1000.0,999.95,0.10000000000002274,normal_market,1768731131.546926
631,999.9,1000.0,999.95,0.10000000000002274,normal_market,1768731131.5477061
632,999.9,1000.0,999.95,0.10000000000002274,normal_market,1768731131.5484202
633,999.9,1000.0,999.95,0.10000000000002274,normal_market,1768731131.549299
634,999.9,1000.0,999.95,0.10000000000002274,normal_market,1768731131.550163
635,999.9,1000.0,999.95,0.10000000000002274,normal_market,1768731131.551036
636,999.9,1000.0,999.95,0.10000000000002274,normal_market,1768731131.5518038
637,999.9,1000.0,999.95,0.10000000000002274,normal_market,1768731131.552535
638,999.9,1000.0,999.95,0.10000000000002274,normal_market,1768731131.553177
639,999.9,1000.0,999.95,0.10000000000002274,normal_market,1768731131.553895
640,999.9,1000.0,999.95,0.10000000000002274,normal_market,1768731131.554603
641,999.9,1000.0,999.95,0.10000000000002274,normal_market,1768731131.55543
642,999.9,1000.0,999.95,0.10000000000002274,normal_market,1768731131.5560908
643,999.9,1000.0,999.95,0.10000000000002274,normal_market,1768731131.556766
644,999.9,1000.0,999.95,0.10000000000002274,normal_market,1768731131.557524
645,999.9,1000.0,999.95,0.10000000000002274,normal_market,1768731131.558251
646,999.9,1000.0,999.95,0.10000000000002274,normal_market,1768731131.558896
647,999.9,1000.0,999.95,0.10000000000002274,normal_market,1768731131.559511
648,999.9,1000.0,999.95,0.10000000000002274,normal_market,1768731131.5601358
649,999.9,1000.0,999.95,0.10000000000002274,normal_market,1768731131.560807
650,999.9,1000.0,999.95,0.10000000000002274,normal_market,1768731131.561429
651,999.9,1000.0,999.95,0.10000000000002274,normal_market,1768731131.562061
652,999.9,1000.0,999.95,0.10000000000002274,normal_market,1768731131.562706
653,999.9,1000.0,999.95,0.10000000000002274,normal_market,1768731131.563361
654,999.9,1000.0,999.95,0.10000000000002274,normal_market,1768731131.564215
655,999.9,1000.0,999.95,0.10000000000002274,normal_market,1768731131.564925
656,999.9,1000.0,999.95,0.10000000000002274,normal_market,1768731131.565737
657,999.9,1000.0,999.95,0.10000000000002274,normal_market,1768731131.567924
658,999.9,1000.0,999.95,0.10000000000002274,normal_market,1768731131.568726
659,999.9,1000.0,999.95,0.10000000000002274,normal_market,1768731131.5694358
660,999.9,1000.0,999.95,0.10000000000002274,normal_market,1768731131.5701919
661,999.9,1000.0,999.95,0.10000000000002274,normal_market,1768731131.5708869
662,999.9,1000.0,999.95,0.10000000000002274,normal_market,1768731131.57156
663,999.9,1000.0,999.95,0.10000000000002274,normal_market,1768731131.5722282
664,999.9,1000.0,999.95,0.10000000000002274,normal_market,1768731131.572899
665,999.9,1000.0,999.95,0.10000000000002274,normal_market,1768731131.57352
666,999.9,1000.0,999.95,0.10000000000002274,normal_market,1768731131.574628
667,999.9,1000.0,999.95,0.10000000000002274,normal_market,1768731131.575604
668,999.9,1000.0,999.95,0.10000000000002274,normal_market,1768731131.576549
669,999.9,1000.0,999.95,0.10000000000002274,normal_market,1768731131.577568
670,999.9,1000.0,999.95,0.10000000000002274,normal_market,1768731131.578515
671,999.9,1000.0,999.95,0.10000000000002274,normal_market,1768731131.579238
672,999.9,1000.0,999.95,0.10000000000002274,normal_market,1768731131.580024
673,999.9,1000.0,999.95,0.10000000000002274,normal_market,1768731131.580832
674,999.9,1000.0,999.95,0.10000000000002274,normal_market,1768731131.5815291
675,999.9,1000.0,999.95,0.10000000000002274,normal_market,1768731131.582382
676,999.9,1000.0,999.95,0.10000000000002274,normal_market,1768731131.583349
677,999.9,1000.0,999.95,0.10000000000002274,normal_market,1768731131.584105
678,999.9,1000.0,999.95,0.10000000000002274,normal_market,1768731131.584795
679,999.9,1000.0,999.95,0.10000000000002274,normal_market,1768731131.5855339
680,999.9,1000.0,999.95,0.10000000000002274,normal_market,1768731131.586238
681,999.9,1000.0,999.95,0.10000000000002274,normal_market,1768731131.5869498
682,999.9,1000.0,999.95,0.10000000000002274,normal_market,1768731131.5876532
683,999.9,1000.0,999.95,0.10000000000002274,normal_market,1768731131.588325
684,999.9,1000.0,999.95,0.10000000000002274,normal_market,1768731131.589018
685,999.9,1000.0,999.95,0.10000000000002274,normal_market,1768731131.589747
686,999.9,1000.0,999.95,0.10000000000002274,normal_market,1768731131.590465
687,999.9,1000.0,999.95,0.10000000000002274,normal_market,1768731131.59129
688,999.9,1000.0,999.95,0.10000000000002274,normal_market,1768731131.592087
689,999.9,1000.0,999.95,0.10000000000002274,normal_market,1768731131.592837
690,999.9,1000.0,999.95,0.10000000000002274,normal_market,1768731131.593651
691,999.9,1000.0,999.95,0.10000000000002274,normal_market,1768731131.59441
692,999.9,1000.0,999.95,0.10000000000002274,normal_market,1768731131.595127
693,999.9,1000.0,999.95,0.10000000000002274,normal_market,1768731131.595871
694,999.9,1000.0,999.95,0.10000000000002274,normal_market,1768731131.596607
695,999.9,1000.0,999.95,0.10000000000002274,normal_market,1768731131.597347
696,999.9,1000.0,999.95,0.10000000000002274,normal_market,1768731131.598017
697,999.9,1000.0,999.95,0.10000000000002274,normal_market,1768731131.598666
698,999.9,1000.0,999.95,0.10000000000002274,normal_market,1768731131.599531
699,999.9,1000.0,999.95,0.10000000000002274,normal_market,1768731131.600266
700,999.9,1000.0,999.95,0.10000000000002274,normal_market,1768731131.601023
701,999.9,1000.0,999.95,0.10000000000002274,normal_market,1768731131.6018078
702,999.9,1000.0,999.95,0.10000000000002274,normal_market,1768731131.602575
703,999.9,1000.0,999.95,0.10000000000002274,normal_market,1768731131.603328
704,999.9,1000.0,999.95,0.10000000000002274,normal_market,1768731131.604031
705,999.9,1000.0,999.95,0.10000000000002274,normal_market,1768731131.604736
706,999.9,1000.0,999.95,0.10000000000002274,normal_market,1768731131.605602
707,999.9,1000.0,999.95,0.10000000000002274,normal_market,1768731131.607702
708,999.9,1000.0,999.95,0.10000000000002274,normal_market,1768731131.6085382
709,999.9,1000.0,999.95,0.10000000000002274,normal_market,1768731131.6092758
710,999.9,1000.0,999.95,0.10000000000002274,normal_market,1768731131.6100621
711,999.9,1000.0,999.95,0.10000000000002274,normal_market,1768731131.6108549
712,999.9,1000.0,999.95,0.10000000000002274,normal_market,1768731131.6115541
713,999.9,1000.0,999.95,0.10000000000002274,normal_market,1768731131.6121979
714,999.9,1000.0,999.95,0.10000000000002274,normal_market,1768731131.612919
715,999.9,1000.0,999.95,0.10000000000002274,normal_market,1768731131.613824
716,999.9,1000.0,999.95,0.10000000000002274,normal_market,1768731131.6148171
717,999.9,1000.0,999.95,0.10000000000002274,normal_market,1768731131.615757
718,999.9,1000.0,999.95,0.10000000000002274,normal_market,1768731131.6166131
719,999.9,1000.0,999.95,0.10000000000002274,normal_market,1768731131.6175191
720,999.9,1000.0,999.95,0.10000000000002274,normal_market,1768731131.618305
721,999.9,1000.0,999.95,0.10000000000002274,normal_market,1768731131.619033
722,999.9,1000.0,999.95,0.10000000000002274,normal_market,1768731131.6198988
723,999.9,1000.0,999.95,0.10000000000002274,normal_market,1768731131.620663
724,999.9,1000.0,999.95,0.10000000000002274,normal_market,1768731131.621402
725,999.9,1000.0,999.95,0.10000000000002274,normal_market,1768731131.622136
726,999.9,1000.0,999.95,0.10000000000002274,normal_market,1768731131.622866
727,999.9,1000.0,999.95,0.10000000000002274,normal_market,1768731131.623565
728,999.9,1000.0,999.95,0.10000000000002274,normal_market,1768731131.6245692
729,999.9,1000.0,999.95,0.10000000000002274,normal_market,1768731131.625366
730,999.9,1000.0,999.95,0.10000000000002274,normal_market,1768731131.626071
731,999.9,1000.0,999.95,0.10000000000002274,normal_market,1768731131.626805
732,999.9,1000.0,999.95,0.10000000000002274,normal_market,1768731131.627543
733,999.9,1000.0,999.95,0.10000000000002274,normal_market,1768731131.628257
734,999.9,1000.0,999.95,0.10000000000002274,normal_market,1768731131.629007
735,999.9,1000.0,999.95,0.10000000000002274,normal_market,1768731131.629745
736,999.9,1000.0,999.95,0.10000000000002274,normal_market,1768731131.63043
737,999.9,1000.0,999.95,0.10000000000002274,normal_market,1768731131.631165
738,999.9,1000.0,999.95,0.10000000000002274,normal_market,1768731131.631897
739,999.9,1000.0,999.95,0.10000000000002274,normal_market,1768731131.632801
740,999.9,1000.0,999.95,0.10000000000002274,normal_market,1768731131.6336179
741,999.9,1000.0,999.95,0.10000000000002274,normal_market,1768731131.634418
742,999.9,1000.0,999.95,0.10000000000002274,normal_market,1768731131.635136
743,999.9,1000.0,999.95,0.10000000000002274,normal_market,1768731131.635905
744,999.9,1000.0,999.95,0.10000000000002274,normal_market,1768731131.636566
745,999.9,1000.0,999.95,0.10000000000002274,normal_market,1768731131.637274
746,999.9,1000.0,999.95,0.10000000000002274,normal_market,1768731131.638022
747,999.9,1000.0,999.95,0.10000000000002274,normal_market,1768731131.6387
748,999.9,1000.0,999.95,0.10000000000002274,normal_market,1768731131.639414
749,999.9,1000.0,999.95,0.10000000000002274,normal_market,1768731131.640116
750,999.9,1000.0,999.95,0.10000000000002274,normal_market,1768731131.640876
751,999.9,1000.0,999.95,0.10000000000002274,normal_market,1768731131.6415958
752,999.9,1000.0,999.95,0.10000000000002274,normal_market,1768731131.642268
753,999.9,1000.0,999.95,0.10000000000002274,normal_market,1768731131.643017
754,999.9,1000.0,999.95,0.10000000000002274,normal_market,1768731131.643691
755,999.9,1000.0,999.95,0.10000000000002274,normal_market,1768731131.644414
756,999.9,1000.0,999.95,0.10000000000002274,normal_market,1768731131.645129
757,999.91,1000.0,999.9549999999999,0.09000000000003183,normal_market,1768731131.64709
758,999.91,1000.0,999.9549999999999,0.09000000000003183,normal_market,1768731131.648252
759,999.91,1000.0,999.9549999999999,0.09000000000003183,normal_market,1768731131.6492422
760,999.91,1000.0,999.9549999999999,0.09000000000003183,normal_market,1768731131.65013
761,999.9,1000.0,999.95,0.10000000000002274,normal_market,1768731131.6510038
762,999.9,1000.0,999.95,0.10000000000002274,normal_market,1768731131.65181
763,999.9,1000.0,999.95,0.10000000000002274,normal_market,1768731131.652579
764,999.9,1000.0,999.95,0.10000000000002274,normal_market,1768731131.653347
765,999.9,1000.0,999.95,0.10000000000002274,normal_market,1768731131.654071
766,999.9,1000.0,999.95,0.10000000000002274,normal_market,1768731131.6547892
767,999.9,1000.0,999.95,0.10000000000002274,normal_market,1768731131.655544
768,999.9,1000.0,999.95,0.10000000000002274,normal_market,1768731131.656511
769,999.9,1000.0,999.95,0.10000000000002274,normal_market,1768731131.657789
770,999.9,1000.0,999.95,0.10000000000002274,normal_market,1768731131.658756
771,999.9,1000.0,999.95,0.10000000000002274,normal_market,1768731131.6597152
772,999.9,1000.0,999.95,0.10000000000002274,normal_market,1768731131.660506
773,999.9,1000.0,999.95,0.10000000000002274,normal_market,1768731131.661323
774,999.9,1000.0,999.95,0.10000000000002274,normal_market,1768731131.662126
775,999.9,1000.0,999.95,0.10000000000002274,normal_market,1768731131.662967
776,999.9,1000.0,999.95,0.10000000000002274,normal_market,1768731131.663709
777,999.9,1000.0,999.95,0.10000000000002274,normal_market,1768731131.664406
778,999.9,1000.0,999.95,0.10000000000002274,normal_market,1768731131.6651342
779,999.9,1000.0,999.95,0.10000000000002274,normal_market,1768731131.666035
780,999.9,1000.0,999.95,0.10000000000002274,normal_market,1768731131.666836
781,999.9,1000.0,999.95,0.10000000000002274,normal_market,1768731131.667553
782,999.9,1000.0,999.95,0.10000000000002274,normal_market,1768731131.668244
783,999.9,1000.0,999.95,0.10000000000002274,normal_market,1768731131.668979
784,999.9,1000.0,999.95,0.10000000000002274,normal_market,1768731131.669801
785,999.9,1000.0,999.95,0.10000000000002274,normal_market,1768731131.670579
786,999.9,1000.0,999.95,0.10000000000002274,normal_market,1768731131.671319
787,999.9,1000.0,999.95,0.10000000000002274,normal_market,1768731131.6720781
788,999.9,1000.0,999.95,0.10000000000002274,normal_market,1768731131.672848
789,999.9,1000.0,999.95,0.10000000000002274,normal_market,1768731131.673602
790,999.9,1000.0,999.95,0.10000000000002274,normal_market,1768731131.674454
791,999.9,1000.0,999.95,0.10000000000002274,normal_market,1768731131.675221
792,999.9,1000.0,999.95,0.10000000000002274,normal_market,1768731131.675916
793,999.9,1000.0,999.95,0.10000000000002274,normal_market,1768731131.676571
794,999.9,1000.0,999.95,0.10000000000002274,normal_market,1768731131.6773179
795,999.9,1000.0,999.95,0.10000000000002274,normal_market,1768731131.678048
796,999.9,1000.0,999.95,0.10000000000002274,normal_market,1768731131.678773
797,999.9,1000.0,999.95,0.10000000000002274,normal_market,1768731131.679465
798,999.9,1000.0,999.95,0.10000000000002274,normal_market,1768731131.6801028
799,999.9,1000.0,999.95,0.10000000000002274,normal_market,1768731131.680724
800,999.9,1000.0,999.95,0.10000000000002274,normal_market,1768731131.681407
801,999.9,1000.0,999.95,0.10000000000002274,normal_market,1768731131.682036
802,999.9,1000.0,999.95,0.10000000000002274,normal_market,1768731131.682836
803,999.9,1000.0,999.95,0.10000000000002274,normal_market,1768731131.683508
804,999.9,1000.0,999.95,0.10000000000002274,normal_market,1768731131.684149
805,999.9,1000.0,999.95,0.10000000000002274,normal_market,1768731131.6848068
806,999.9,1000.0,999.95,0.10000000000002274,normal_market,1768731131.685475
807,999.9,1000.0,999.95,0.10000000000002274,normal_market,1768731131.687774
808,999.9,1000.0,999.95,0.10000000000002274,normal_market,1768731131.6889112
809,999.9,1000.0,999.95,0.10000000000002274,normal_market,1768731131.690051
810,999.9,1000.0,999.95,0.10000000000002274,normal_market,1768731131.6912189
811,999.9,1000.0,999.95,0.10000000000002274,normal_market,1768731131.692356
812,999.9,1000.0,999.95,0.10000000000002274,normal_market,1768731131.693163
813,999.9,1000.0,999.95,0.10000000000002274,normal_market,1768731131.6940439
814,999.9,1000.0,999.95,0.10000000000002274,normal_market,1768731131.694944
815,999.9,1000.0,999.95,0.10000000000002274,normal_market,1768731131.695837
816,999.9,1000.0,999.95,0.10000000000002274,normal_market,1768731131.696682
817,999.9,1000.0,999.95,0.10000000000002274,normal_market,1768731131.69747
818,999.9,1000.0,999.95,0.10000000000002274,normal_market,1768731131.698161
819,999.9,1000.0,999.95,0.10000000000002274,normal_market,1768731131.698935
820,999.9,1000.0,999.95,0.10000000000002274,normal_market,1768731131.6999838
821,999.9,1000.0,999.95,0.10000000000002274,normal_market,1768731131.700806
822,999.9,1000.0,999.95,0.10000000000002274,normal_market,1768731131.701666
823,999.9,1000.0,999.95,0.10000000000002274,normal_market,1768731131.702348
824,999.9,1000.0,999.95,0.10000000000002274,normal_market,1768731131.703116
825,999.9,1000.0,999.95,0.10000000000002274,normal_market,1768731131.7037828
826,999.9,1000.0,999.95,0.10000000000002274,normal_market,1768731131.7045388
827,999.9,1000.0,999.95,0.10000000000002274,normal_market,1768731131.70526
828,999.9,1000.0,999.95,0.10000000000002274,normal_market,1768731131.705992
829,999.9,1000.0,999.95,0.10000000000002274,normal_market,1768731131.706718
830,999.9,1000.0,999.95,0.10000000000002274,normal_market,1768731131.7074518
831,999.9,1000.0,999.95,0.10000000000002274,normal_market,1768731131.7084181
832,999.9,1000.0,999.95,0.10000000000002274,normal_market,1768731131.7091682
833,999.9,1000.0,999.95,0.10000000000002274,normal_market,1768731131.7098958
834,999.9,1000.0,999.95,0.10000000000002274,normal_market,1768731131.71059
835,999.9,1000.0,999.95,0.10000000000002274,normal_market,1768731131.7113411
836,999.9,1000.0,999.95,0.10000000000002274,normal_market,1768731131.71209
837,999.9,1000.0,999.95,0.10000000000002274,normal_market,1768731131.71278
838,999.9,1000.0,999.95,0.10000000000002274,normal_market,1768731131.7134569
839,999.9,1000.0,999.95,0.10000000000002274,normal_market,1768731131.7141702
840,999.9,1000.0,999.95,0.10000000000002274,normal_market,1768731131.714849
841,999.9,1000.0,999.95,0.10000000000002274,normal_market,1768731131.715559
842,999.9,1000.0,999.95,0.10000000000002274,normal_market,1768731131.716415
843,999.9,1000.0,999.95,0.10000000000002274,normal_market,1768731131.7172968
844,999.9,1000.0,999.95,0.10000000000002274,normal_market,1768731131.718081
845,999.9,1000.0,999.95,0.10000000000002274,normal_market,1768731131.718823
846,999.9,1000.0,999.95,0.10000000000002274,normal_market,1768731131.719578
847,999.9,1000.0,999.95,0.10000000000002274,normal_market,1768731131.720351
848,999.9,1000.0,999.95,0.10000000000002274,normal_market,1768731131.7211149
849,999.9,1000.0,999.95,0.10000000000002274,normal_market,1768731131.721916
850,999.9,1000.0,999.95,0.10000000000002274,normal_market,1768731131.722626
851,999.9,1000.0,999.95,0.10000000000002274,normal_market,1768731131.7233338
852,999.9,1000.0,999.95,0.10000000000002274,normal_market,1768731131.724094
853,999.9,1000.0,999.95,0.10000000000002274,normal_market,1768731131.724847
854,999.9,1000.0,999.95,0.10000000000002274,normal_market,1768731131.7255511
855,999.9,1000.0,999.95,0.10000000000002274,normal_market,1768731131.726275
856,999.9,1000.0,999.95,0.10000000000002274,normal_market,1768731131.726967
857,999.91,1000.0,999.9549999999999,0.09000000000003183,normal_market,1768731131.7294111
858,999.91,1000.0,999.9549999999999,0.09000000000003183,normal_market,1768731131.7304
859,999.9,1000.0,999.95,0.10000000000002274,normal_market,1768731131.731369
860,999.9,1000.0,999.95,0.10000000000002274,normal_market,1768731131.7322948
861,999.9,1000.0,999.95,0.10000000000002274,normal_market,1768731131.733095
862,999.9,1000.0,999.95,0.10000000000002274,normal_market,1768731131.733886
863,999.9,1000.0,999.95,0.10000000000002274,normal_market,1768731131.734613
864,999.9,1000.0,999.95,0.10000000000002274,normal_market,1768731131.735683
865,999.9,1000.0,999.95,0.10000000000002274,normal_market,1768731131.736533
866,999.9,1000.0,999.95,0.10000000000002274,normal_market,1768731131.7374358
867,999.9,1000.0,999.95,0.10000000000002274,normal_market,1768731131.738464
868,999.9,1000.0,999.95,0.10000000000002274,normal_market,1768731131.739499
869,999.9,1000.0,999.95,0.10000000000002274,normal_market,1768731131.740284
870,999.9,1000.0,999.95,0.10000000000002274,normal_market,1768731131.741413
871,999.9,1000.0,999.95,0.10000000000002274,normal_market,1768731131.742372
872,999.9,1000.0,999.95,0.10000000000002274,normal_market,1768731131.743179
873,999.9,1000.0,999.95,0.10000000000002274,normal_market,1768731131.743914
874,999.9,1000.0,999.95,0.10000000000002274,normal_market,1768731131.744721
875,999.9,1000.0,999.95,0.10000000000002274,normal_market,1768731131.74545
876,999.9,1000.0,999.95,0.10000000000002274,normal_market,1768731131.746169
877,999.9,1000.0,999.95,0.10000000000002274,normal_market,1768731131.7470348
878,999.9,1000.0,999.95,0.10000000000002274,normal_market,1768731131.747849
879,999.9,1000.0,999.95,0.10000000000002274,normal_market,1768731131.748682
880,999.9,1000.0,999.95,0.10000000000002274,normal_market,1768731131.7496388
881,999.9,1000.0,999.95,0.10000000000002274,normal_market,1768731131.750437
882,999.9,1000.0,999.95,0.10000000000002274,normal_market,1768731131.751151
883,999.9,1000.0,999.95,0.10000000000002274,normal_market,1768731131.7519832
884,999.9,1000.0,999.95,0.10000000000002274,normal_market,1768731131.752705
885,999.9,1000.0,999.95,0.10000000000002274,normal_market,1768731131.7534888
886,999.9,1000.0,999.95,0.10000000000002274,normal_market,1768731131.754179
887,999.9,1000.0,999.95,0.10000000000002274,normal_market,1768731131.754912
888,999.9,1000.0,999.95,0.10000000000002274,normal_market,1768731131.755691
889,999.9,1000.0,999.95,0.10000000000002274,normal_market,1768731131.756453
890,999.9,1000.0,999.95,0.10000000000002274,normal_market,1768731131.75725
891,999.9,1000.0,999.95,0.10000000000002274,normal_market,1768731131.758029
892,999.9,1000.0,999.95,0.10000000000002274,normal_market,1768731131.7588859
893,999.9,1000.0,999.95,0.10000000000002274,normal_market,1768731131.7596622
894,999.9,1000.0,999.95,0.10000000000002274,normal_market,1768731131.760457
895,999.9,1000.0,999.95,0.10000000000002274,normal_market,1768731131.761209
896,999.9,1000.0,999.95,0.10000000000002274,normal_market,1768731131.761962
897,999.9,1000.0,999.95,0.10000000000002274,normal_market,1768731131.762656
898,999.9,1000.0,999.95,0.10000000000002274,normal_market,1768731131.7633111
899,999.9,1000.0,999.95,0.10000000000002274,normal_market,1768731131.7640011
900,999.9,1000.0,999.95,0.10000000000002274,normal_market,1768731131.764628
901,999.9,1000.0,999.95,0.10000000000002274,normal_market,1768731131.765269
902,999.9,1000.0,999.95,0.10000000000002274,normal_market,1768731131.7660842
903,999.9,1000.0,999.95,0.10000000000002274,normal_market,1768731131.766835
904,999.9,1000.0,999.95,0.10000000000002274,normal_market,1768731131.767553
905,999.9,1000.0,999.95,0.10000000000002274,normal_market,1768731131.76828
906,999.9,1000.0,999.95,0.10000000000002274,normal_market,1768731131.768976
907,999.9,1000.0,999.95,0.10000000000002274,normal_market,1768731131.771754
908,999.9,1000.0,999.95,0.10000000000002274,normal_market,1768731131.7726269
909,999.9,1000.0,999.95,0.10000000000002274,normal_market,1768731131.773372
910,999.9,1000.0,999.95,0.10000000000002274,normal_market,1768731131.774066
911,999.9,1000.0,999.95,0.10000000000002274,normal_market,1768731131.774732
912,999.9,1000.0,999.95,0.10000000000002274,normal_market,1768731131.775404
913,999.9,1000.0,999.95,0.10000000000002274,normal_market,1768731131.776066
914,999.9,1000.0,999.95,0.10000000000002274,normal_market,1768731131.776837
915,999.9,1000.0,999.95,0.10000000000002274,normal_market,1768731131.777886
916,999.9,1000.0,999.95,0.10000000000002274,normal_market,1768731131.7794602
917,999.9,1000.0,999.95,0.10000000000002274,normal_market,1768731131.7803369
918,999.9,1000.0,999.95,0.10000000000002274,normal_market,1768731131.781043
919,999.9,1000.0,999.95,0.10000000000002274,normal_market,1768731131.781743
920,999.9,1000.0,999.95,0.10000000000002274,normal_market,1768731131.782531
921,999.9,1000.0,999.95,0.10000000000002274,normal_market,1768731131.783542
922,999.9,1000.0,999.95,0.10000000000002274,normal_market,1768731131.784248
923,999.9,1000.0,999.95,0.10000000000002274,normal_market,1768731131.784956
924,999.9,1000.0,999.95,0.10000000000002274,normal_market,1768731131.785693
925,999.9,1000.0,999.95,0.10000000000002274,normal_market,1768731131.786454
926,999.9,1000.0,999.95,0.10000000000002274,normal_market,1768731131.787192
927,999.9,1000.0,999.95,0.10000000000002274,normal_market,1768731131.787912
928,999.9,1000.0,999.95,0.10000000000002274,normal_market,1768731131.788648
929,999.9,1000.0,999.95,0.10000000000002274,normal_market,1768731131.7893078
930,999.9,1000.0,999.95,0.10000000000002274,normal_market,1768731131.789953
931,999.9,1000.0,999.95,0.10000000000002274,normal_market,1768731131.790665
932,999.9,1000.0,999.95,0.10000000000002274,normal_market,1768731131.7915561
933,999.9,1000.0,999.95,0.10000000000002274,normal_market,1768731131.792245
934,999.9,1000.0,999.95,0.10000000000002274,normal_market,1768731131.792885
935,999.9,1000.0,999.95,0.10000000000002274,normal_market,1768731131.7936199
936,999.9,1000.0,999.95,0.10000000000002274,normal_market,1768731131.794276
937,999.9,1000.0,999.95,0.10000000000002274,normal_market,1768731131.794975
938,999.9,1000.0,999.95,0.10000000000002274,normal_market,1768731131.795627
939,999.9,1000.0,999.95,0.10000000000002274,normal_market,1768731131.7962701
940,999.9,1000.0,999.95,0.10000000000002274,normal_market,1768731131.7969348
941,999.9,1000.0,999.95,0.10000000000002274,normal_market,1768731131.797612
942,999.9,1000.0,999.95,0.10000000000002274,normal_market,1768731131.7983239
943,999.9,1000.0,999.95,0.10000000000002274,normal_market,1768731131.799071
944,999.9,1000.0,999.95,0.10000000000002274,normal_market,1768731131.7998111
945,999.9,1000.0,999.95,0.10000000000002274,normal_market,1768731131.800509
946,999.9,1000.0,999.95,0.10000000000002274,normal_market,1768731131.801248
947,999.9,1000.0,999.95,0.10000000000002274,normal_market,1768731131.801933
948,999.9,1000.0,999.95,0.10000000000002274,normal_market,1768731131.8026628
949,999.9,1000.0,999.95,0.10000000000002274,normal_market,1768731131.803392
950,999.9,1000.0,999.95,0.10000000000002274,normal_market,1768731131.804123
951,999.9,1000.0,999.95,0.10000000000002274,normal_market,1768731131.80487
952,999.9,1000.0,999.95,0.10000000000002274,normal_market,1768731131.8055959
953,999.9,1000.0,999.95,0.10000000000002274,normal_market,1768731131.806222
954,999.9,1000.0,999.95,0.10000000000002274,normal_market,1768731131.806858
955,999.9,1000.0,999.95,0.10000000000002274,normal_market,1768731131.807623
956,999.9,1000.0,999.95,0.10000000000002274,normal_market,1768731131.808369
957,999.9,1000.0,999.95,0.10000000000002274,normal_market,1768731131.810892
958,999.9,1000.0,999.95,0.10000000000002274,normal_market,1768731131.811771
959,999.9,1000.0,999.95,0.10000000000002274,normal_market,1768731131.8125162
960,999.9,1000.0,999.95,0.10000000000002274,normal_market,1768731131.813281
961,999.9,1000.0,999.95,0.10000000000002274,normal_market,1768731131.814066
962,999.9,1000.0,999.95,0.10000000000002274,normal_market,1768731131.814846
963,999.9,1000.0,999.95,0.10000000000002274,normal_market,1768731131.815767
964,999.9,1000.0,999.95,0.10000000000002274,normal_market,1768731131.8168561
965,999.9,1000.0,999.95,0.10000000000002274,normal_market,1768731131.818027
966,999.9,1000.0,999.95,0.10000000000002274,normal_market,1768731131.8190742
967,999.9,1000.0,999.95,0.10000000000002274,normal_market,1768731131.82009
968,999.9,1000.0,999.95,0.10000000000002274,normal_market,1768731131.8209112
969,999.9,1000.0,999.95,0.10000000000002274,normal_market,1768731131.821793
970,999.9,1000.0,999.95,0.10000000000002274,normal_market,1768731131.822508
971,999.9,1000.0,999.95,0.10000000000002274,normal_market,1768731131.8232992
972,999.9,1000.0,999.95,0.10000000000002274,normal_market,1768731131.824502
973,999.9,1000.0,999.95,0.10000000000002274,normal_market,1768731131.8253398
974,999.9,1000.0,999.95,0.10000000000002274,normal_market,1768731131.8262742
975,999.9,1000.0,999.95,0.10000000000002274,normal_market,1768731131.8270469
976,999.9,1000.0,999.95,0.10000000000002274,normal_market,1768731131.8277571
977,999.9,1000.0,999.95,0.10000000000002274,normal_market,1768731131.8285
978,999.9,1000.0,999.95,0.10000000000002274,normal_market,1768731131.829268
979,999.9,1000.0,999.95,0.10000000000002274,normal_market,1768731131.830071
980,999.9,1000.0,999.95,0.10000000000002274,normal_market,1768731131.8308768
981,999.9,1000.0,999.95,0.10000000000002274,normal_market,1768731131.832161
982,999.9,1000.0,999.95,0.10000000000002274,normal_market,1768731131.8340428
983,999.9,1000.0,999.95,0.10000000000002274,normal_market,1768731131.834914
984,999.9,1000.0,999.95,0.10000000000002274,normal_market,1768731131.835671
985,999.9,1000.0,999.95,0.10000000000002274,normal_market,1768731131.836502
986,999.9,1000.0,999.95,0.10000000000002274,normal_market,1768731131.837295
987,999.9,1000.0,999.95,0.10000000000002274,normal_market,1768731131.838045
988,999.9,1000.0,999.95,0.10000000000002274,normal_market,1768731131.838845
989,999.9,1000.0,999.95,0.10000000000002274,normal_market,1768731131.839593
990,999.9,1000.0,999.95,0.10000000000002274,normal_market,1768731131.840672
991,999.9,1000.0,999.95,0.10000000000002274,normal_market,1768731131.841546
992,999.9,1000.0,999.95,0.10000000000002274,normal_market,1768731131.842494
993,999.9,1000.0,999.95,0.10000000000002274,normal_market,1768731131.8432949
994,999.9,1000.0,999.95,0.10000000000002274,normal_market,1768731131.844123
995,999.9,1000.0,999.95,0.10000000000002274,normal_market,1768731131.845029
996,999.9,1000.0,999.95,0.10000000000002274,normal_market,1768731131.845885
997,999.9,1000.0,999.95,0.10000000000002274,normal_market,1768731131.84659
998,999.9,1000.0,999.95,0.10000000000002274,normal_market,1768731131.8473222
999,999.9,1000.0,999.95,0.10000000000002274,normal_market,1768731131.848044
1000,999.9,1000.0,999.95,0.10000000000002274,normal_market,1768731131.84881
1001,999.9,1000.0,999.95,0.10000000000002274,normal_market,1768731131.849756
1002,999.9,1000.0,999.95,0.10000000000002274,normal_market,1768731131.8507671
1003,999.9,1000.0,999.95,0.10000000000002274,normal_market,1768731131.851757
1004,999.9,1000.0,999.95,0.10000000000002274,normal_market,1768731131.852833
1005,999.9,1000.0,999.95,0.10000000000002274,normal_market,1768731131.853763
1006,999.9,1000.0,999.95,0.10000000000002274,normal_market,1768731131.8550668
1007,999.91,1000.0,999.9549999999999,0.09000000000003183,normal_market,1768731131.857598
1008,999.91,1000.0,999.9549999999999,0.09000000000003183,normal_market,1768731131.858903
1009,999.91,1000.0,999.9549999999999,0.09000000000003183,normal_market,1768731131.8601012
1010,999.91,1000.0,999.9549999999999,0.09000000000003183,normal_market,1768731131.860928
1011,999.9,1000.0,999.95,0.10000000000002274,normal_market,1768731131.861985
1012,999.9,1000.0,999.95,0.10000000000002274,normal_market,1768731131.862866
1013,999.9,1000.0,999.95,0.10000000000002274,normal_market,1768731131.8637152
1014,999.9,1000.0,999.95,0.10000000000002274,normal_market,1768731131.864445
1015,999.9,1000.0,999.95,0.10000000000002274,normal_market,1768731131.865234
1016,999.9,1000.0,999.95,0.10000000000002274,normal_market,1768731131.866124
1017,999.9,1000.0,999.95,0.10000000000002274,normal_market,1768731131.866905
1018,999.9,1000.0,999.95,0.10000000000002274,normal_market,1768731131.8676648
1019,999.9,1000.0,999.95,0.10000000000002274,normal_market,1768731131.86836
1020,999.9,1000.0,999.95,0.10000000000002274,normal_market,1768731131.869376
1021,999.9,1000.0,999.95,0.10000000000002274,normal_market,1768731131.870425
1022,999.9,1000.0,999.95,0.10000000000002274,normal_market,1768731131.871656
1023,999.9,1000.0,999.95,0.10000000000002274,normal_market,1768731131.872419
1024,999.9,1000.0,999.95,0.10000000000002274,normal_market,1768731131.873127
1025,999.9,1000.0,999.95,0.10000000000002274,normal_market,1768731131.87394
1026,999.9,1000.0,999.95,0.10000000000002274,normal_market,1768731131.875273
1027,999.9,1000.0,999.95,0.10000000000002274,normal_market,1768731131.876123
1028,999.9,1000.0,999.95,0.10000000000002274,normal_market,1768731131.8769011
1029,999.9,1000.0,999.95,0.10000000000002274,normal_market,1768731131.8776672
1030,999.9,1000.0,999.95,0.10000000000002274,normal_market,1768731131.878422
1031,999.9,1000.0,999.95,0.10000000000002274,normal_market,1768731131.879221
1032,999.9,1000.0,999.95,0.10000000000002274,normal_market,1768731131.8800251
1033,999.9,1000.0,999.95,0.10000000000002274,normal_market,1768731131.880749
1034,999.9,1000.0,999.95,0.10000000000002274,normal_market,1768731131.881548
1035,999.9,1000.0,999.95,0.10000000000002274,normal_market,1768731131.882474
1036,999.9,1000.0,999.95,0.10000000000002274,normal_market,1768731131.8832939
1037,999.9,1000.0,999.95,0.10000000000002274,normal_market,1768731131.8840058
1038,999.9,1000.0,999.95,0.10000000000002274,normal_market,1768731131.8847191
1039,999.9,1000.0,999.95,0.10000000000002274,normal_market,1768731131.885501
1040,999.9,1000.0,999.95,0.10000000000002274,normal_market,1768731131.8862138
1041,999.9,1000.0,999.95,0.10000000000002274,normal_market,1768731131.886949
1042,999.9,1000.0,999.95,0.10000000000002274,normal_market,1768731131.887702
1043,999.9,1000.0,999.95,0.10000000000002274,normal_market,1768731131.888557
1044,999.9,1000.0,999.95,0.10000000000002274,normal_market,1768731131.889305
1045,999.9,1000.0,999.95,0.10000000000002274,normal_market,1768731131.890044
1046,999.9,1000.0,999.95,0.10000000000002274,normal_market,1768731131.890805
1047,999.9,1000.0,999.95,0.10000000000002274,normal_market,1768731131.891582
1048,999.9,1000.0,999.95,0.10000000000002274,normal_market,1768731131.892343
1049,999.9,1000.0,999.95,0.10000000000002274,normal_market,1768731131.893127
1050,999.9,1000.0,999.95,0.10000000000002274,normal_market,1768731131.893918
1051,999.9,1000.0,999.95,0.10000000000002274,normal_market,1768731131.894712
1052,999.9,1000.0,999.95,0.10000000000002274,normal_market,1768731131.8954911
1053,999.9,1000.0,999.95,0.10000000000002274,normal_market,1768731131.8961558
1054,999.9,1000.0,999.95,0.10000000000002274,normal_market,1768731131.89678
1055,999.9,1000.0,999.95,0.10000000000002274,normal_market,1768731131.897402
1056,999.9,1000.0,999.95,0.10000000000002274,normal_market,1768731131.898059
1057,999.91,1000.0,999.9549999999999,0.09000000000003183,normal_market,1768731131.89983
1058,999.91,1000.0,999.9549999999999,0.09000000000003183,normal_market,1768731131.900696
1059,999.91,1000.0,999.9549999999999,0.09000000000003183,normal_market,1768731131.9016142
1060,999.91,1000.0,999.9549999999999,0.09000000000003183,normal_market,1768731131.9023721
1061,999.9,1000.0,999.95,0.10000000000002274,normal_market,1768731131.903263
1062,999.9,1000.0,999.95,0.10000000000002274,normal_market,1768731131.904147
1063,999.9,1000.0,999.95,0.10000000000002274,normal_market,1768731131.904963
1064,999.9,1000.0,999.95,0.10000000000002274,normal_market,1768731131.9058611
1065,999.9,1000.0,999.95,0.10000000000002274,normal_market,1768731131.906721
1066,999.9,1000.0,999.95,0.10000000000002274,normal_market,1768731131.907773
1067,999.9,1000.0,999.95,0.10000000000002274,normal_market,1768731131.908659
1068,999.9,1000.0,999.95,0.10000000000002274,normal_market,1768731131.909673
1069,999.9,1000.0,999.95,0.10000000000002274,normal_market,1768731131.910698
1070,999.9,1000.0,999.95,0.10000000000002274,normal_market,1768731131.9118521
1071,999.9,1000.0,999.95,0.10000000000002274,normal_market,1768731131.912862
1072,999.9,1000.0,999.95,0.10000000000002274,normal_market,1768731131.913823
1073,999.9,1000.0,999.95,0.10000000000002274,normal_market,1768731131.91477
1074,999.9,1000.0,999.95,0.10000000000002274,normal_market,1768731131.915782
1075,999.9,1000.0,999.95,0.10000000000002274,normal_market,1768731131.917297
1076,999.9,1000.0,999.95,0.10000000000002274,normal_market,1768731131.918593
1077,999.9,1000.0,999.95,0.10000000000002274,normal_market,1768731131.9196851
1078,999.9,1000.0,999.95,0.10000000000002274,normal_market,1768731131.920516
1079,999.9,1000.0,999.95,0.10000000000002274,normal_market,1768731131.9214468
1080,999.9,1000.0,999.95,0.10000000000002274,normal_market,1768731131.922583
1081,999.9,1000.0,999.95,0.10000000000002274,normal_market,1768731131.923549
1082,999.9,1000.0,999.95,0.10000000000002274,normal_market,1768731131.9246058
1083,999.9,1000.0,999.95,0.10000000000002274,normal_market,1768731131.9254332
1084,999.9,1000.0,999.95,0.10000000000002274,normal_market,1768731131.926213
1085,999.9,1000.0,999.95,0.10000000000002274,normal_market,1768731131.926909
1086,999.9,1000.0,999.95,0.10000000000002274,normal_market,1768731131.927645
1087,999.9,1000.0,999.95,0.10000000000002274,normal_market,1768731131.928421
1088,999.9,1000.0,999.95,0.10000000000002274,normal_market,1768731131.929176
1089,999.9,1000.0,999.95,0.10000000000002274,normal_market,1768731131.929882
1090,999.9,1000.0,999.95,0.10000000000002274,normal_market,1768731131.9306319
1091,999.9,1000.0,999.95,0.10000000000002274,normal_market,1768731131.931346
1092,999.9,1000.0,999.95,0.10000000000002274,normal_market,1768731131.932062
1093,999.9,1000.0,999.95,0.10000000000002274,normal_market,1768731131.932975
1094,999.9,1000.0,999.95,0.10000000000002274,normal_market,1768731131.9337978
1095,999.9,1000.0,999.95,0.10000000000002274,normal_market,1768731131.9346838
1096,999.9,1000.0,999.95,0.10000000000002274,normal_market,1768731131.935426
1097,999.9,1000.0,999.95,0.10000000000002274,normal_market,1768731131.9362078
1098,999.9,1000.0,999.95,0.10000000000002274,normal_market,1768731131.936963
1099,999.9,1000.0,999.95,0.10000000000002274,normal_market,1768731131.937761
1100,999.9,1000.0,999.95,0.10000000000002274,normal_market,1768731131.938488
1101,999.9,1000.0,999.95,0.10000000000002274,normal_market,1768731131.9392169
1102,999.9,1000.0,999.95,0.10000000000002274,normal_market,1768731131.94
1103,999.9,1000.0,999.95,0.10000000000002274,normal_market,1768731131.940801
1104,999.9,1000.0,999.95,0.10000000000002274,normal_market,1768731131.9417222
1105,999.9,1000.0,999.95,0.10000000000002274,normal_market,1768731131.942488
1106,999.9,1000.0,999.95,0.10000000000002274,normal_market,1768731131.943233
1107,999.9,1000.0,999.95,0.10000000000002274,normal_market,1768731131.9453251
1108,999.9,1000.0,999.95,0.10000000000002274,normal_market,1768731131.9462929
1109,999.9,1000.0,999.95,0.10000000000002274,normal_market,1768731131.947123
1110,999.9,1000.0,999.95,0.10000000000002274,normal_market,1768731131.947874
1111,999.9,1000.0,999.95,0.10000000000002274,normal_market,1768731131.948601
1112,999.9,1000.0,999.95,0.10000000000002274,normal_market,1768731131.949634
1113,999.9,1000.0,999.95,0.10000000000002274,normal_market,1768731131.95049
1114,999.9,1000.0,999.95,0.10000000000002274,normal_market,1768731131.9512472
1115,999.9,1000.0,999.95,0.10000000000002274,normal_market,1768731131.9522922
1116,999.9,1000.0,999.95,0.10000000000002274,normal_market,1768731131.953265
1117,999.9,1000.0,999.95,0.10000000000002274,normal_market,1768731131.9541728
1118,999.9,1000.0,999.95,0.10000000000002274,normal_market,1768731131.955005
1119,999.9,1000.0,999.95,0.10000000000002274,normal_market,1768731131.9557672
1120,999.9,1000.0,999.95,0.10000000000002274,normal_market,1768731131.95647
1121,999.9,1000.0,999.95,0.10000000000002274,normal_market,1768731131.957862
1122,999.9,1000.0,999.95,0.10000000000002274,normal_market,1768731131.95909
1123,999.9,1000.0,999.95,0.10000000000002274,normal_market,1768731131.96001
1124,999.9,1000.0,999.95,0.10000000000002274,normal_market,1768731131.96079
1125,999.9,1000.0,999.95,0.10000000000002274,normal_market,1768731131.9616241
1126,999.9,1000.0,999.95,0.10000000000002274,normal_market,1768731131.9623811
1127,999.9,1000.0,999.95,0.10000000000002274,normal_market,1768731131.963361
1128,999.9,1000.0,999.95,0.10000000000002274,normal_market,1768731131.964114
1129,999.9,1000.0,999.95,0.10000000000002274,normal_market,1768731131.964886
1130,999.9,1000.0,999.95,0.10000000000002274,normal_market,1768731131.965631
1131,999.9,1000.0,999.95,0.10000000000002274,normal_market,1768731131.9666939
1132,999.9,1000.0,999.95,0.10000000000002274,normal_market,1768731131.967763
1133,999.9,1000.0,999.95,0.10000000000002274,normal_market,1768731131.968689
1134,999.9,1000.0,999.95,0.10000000000002274,normal_market,1768731131.969406
1135,999.9,1000.0,999.95,0.10000000000002274,normal_market,1768731131.9702542
1136,999.9,1000.0,999.95,0.10000000000002274,normal_market,1768731131.971065
1137,999.9,1000.0,999.95,0.10000000000002274,normal_market,1768731131.971786
1138,999.9,1000.0,999.95,0.10000000000002274,normal_market,1768731131.972512
1139,999.9,1000.0,999.95,0.10000000000002274,normal_market,1768731131.973336
1140,999.9,1000.0,999.95,0.10000000000002274,normal_market,1768731131.974209
1141,999.9,1000.0,999.95,0.10000000000002274,normal_market,1768731131.975171
1142,999.9,1000.0,999.95,0.10000000000002274,normal_market,1768731131.976059
1143,999.9,1000.0,999.95,0.10000000000002274,normal_market,1768731131.97682
1144,999.9,1000.0,999.95,0.10000000000002274,normal_market,1768731131.977529
1145,999.9,1000.0,999.95,0.10000000000002274,normal_market,1768731131.978396
1146,999.9,1000.0,999.95,0.10000000000002274,normal_market,1768731131.9791958
1147,999.9,1000.0,999.95,0.10000000000002274,normal_market,1768731131.980009
1148,999.9,1000.0,999.95,0.10000000000002274,normal_market,1768731131.980889
1149,999.9,1000.0,999.95,0.10000000000002274,normal_market,1768731131.98167
1150,999.9,1000.0,999.95,0.10000000000002274,normal_market,1768731131.982483
1151,999.9,1000.0,999.95,0.10000000000002274,normal_market,1768731131.983357
1152,999.9,1000.0,999.95,0.10000000000002274,normal_market,1768731131.984187
1153,999.9,1000.0,999.95,0.10000000000002274,normal_market,1768731131.9849029
1154,999.9,1000.0,999.95,0.10000000000002274,normal_market,1768731131.9856021
1155,999.9,1000.0,999.95,0.10000000000002274,normal_market,1768731131.98631
1156,999.9,1000.0,999.95,0.10000000000002274,normal_market,1768731131.987066
1157,999.91,1000.0,999.9549999999999,0.09000000000003183,normal_market,1768731131.989047
1158,999.9,1000.0,999.95,0.10000000000002274,normal_market,1768731131.9899719
1159,999.9,1000.0,999.95,0.10000000000002274,normal_market,1768731131.990814
1160,999.9,1000.0,999.95,0.10000000000002274,normal_market,1768731131.991704
1161,999.9,1000.0,999.95,0.10000000000002274,normal_market,1768731131.9925818
1162,999.9,1000.0,999.95,0.10000000000002274,normal_market,1768731131.9932969
1163,999.9,1000.0,999.95,0.10000000000002274,normal_market,1768731131.994045
1164,999.9,1000.0,999.95,0.10000000000002274,normal_market,1768731131.994875
1165,999.9,1000.0,999.95,0.10000000000002274,normal_market,1768731131.995796
1166,999.9,1000.0,999.95,0.10000000000002274,normal_market,1768731131.9966788
1167,999.9,1000.0,999.95,0.10000000000002274,normal_market,1768731131.9974139
1168,999.9,1000.0,999.95,0.10000000000002274,normal_market,1768731131.998126
1169,999.9,1000.0,999.95,0.10000000000002274,normal_market,1768731131.9988658
1170,999.9,1000.0,999.95,0.10000000000002274,normal_market,1768731131.9997709
1171,999.9,1000.0,999.95,0.10000000000002274,normal_market,1768731132.000984
1172,999.9,1000.0,999.95,0.10000000000002274,normal_market,1768731132.002155
1173,999.9,1000.0,999.95,0.10000000000002274,normal_market,1768731132.0031302
1174,999.9,1000.0,999.95,0.10000000000002274,normal_market,1768731132.004063
1175,999.9,1000.0,999.95,0.10000000000002274,normal_market,1768731132.004826
1176,999.9,1000.0,999.95,0.10000000000002274,normal_market,1768731132.005653
1177,999.9,1000.0,999.95,0.10000000000002274,normal_market,1768731132.0067258
1178,999.9,1000.0,999.95,0.10000000000002274,normal_market,1768731132.0078049
1179,999.9,1000.0,999.95,0.10000000000002274,normal_market,1768731132.009284
1180,999.9,1000.0,999.95,0.10000000000002274,normal_market,1768731132.010584
1181,999.9,1000.0,999.95,0.10000000000002274,normal_market,1768731132.0117419
1182,999.9,1000.0,999.95,0.10000000000002274,normal_market,1768731132.01268
1183,999.9,1000.0,999.95,0.10000000000002274,normal_market,1768731132.013681
1184,999.9,1000.0,999.95,0.10000000000002274,normal_market,1768731132.0147488
1185,999.9,1000.0,999.95,0.10000000000002274,normal_market,1768731132.015689
1186,999.9,1000.0,999.95,0.10000000000002274,normal_market,1768731132.017071
1187,999.9,1000.0,999.95,0.10000000000002274,normal_market,1768731132.018128
1188,999.9,1000.0,999.95,0.10000000000002274,normal_market,1768731132.018989
1189,999.9,1000.0,999.95,0.10000000000002274,normal_market,1768731132.0200992
1190,999.9,1000.0,999.95,0.10000000000002274,normal_market,1768731132.02098
1191,999.9,1000.0,999.95,0.10000000000002274,normal_market,1768731132.0217988
1192,999.9,1000.0,999.95,0.10000000000002274,normal_market,1768731132.022601
1193,999.9,1000.0,999.95,0.10000000000002274,normal_market,1768731132.023459
1194,999.9,1000.0,999.95,0.10000000000002274,normal_market,1768731132.02469
1195,999.9,1000.0,999.95,0.10000000000002274,normal_market,1768731132.025585
1196,999.9,1000.0,999.95,0.10000000000002274,normal_market,1768731132.026537
1197,999.9,1000.0,999.95,0.10000000000002274,normal_market,1768731132.027311
1198,999.9,1000.0,999.95,0.10000000000002274,normal_market,1768731132.028258
1199,999.9,1000.0,999.95,0.10000000000002274,normal_market,1768731132.029205
1200,999.9,1000.0,999.95,0.10000000000002274,normal_market,1768731132.029988
1201,999.9,1000.0,999.95,0.10000000000002274,normal_market,1768731132.030875
1202,999.9,1000.0,999.95,0.10000000000002274,normal_market,1768731132.031716
1203,999.9,1000.0,999.95,0.10000000000002274,normal_market,1768731132.032641
1204,999.9,1000.0,999.95,0.10000000000002274,normal_market,1768731132.033652
1205,999.9,1000.0,999.95,0.10000000000002274,normal_market,1768731132.034575
1206,999.9,1000.0,999.95,0.10000000000002274,normal_market,1768731132.0353558
1207,999.9,999.99,999.9449999999999,0.09000000000003183,normal_market,1768731132.037515
1208,999.9,999.99,999.9449999999999,0.09000000000003183,normal_market,1768731132.038481
1209,999.9,999.99,999.9449999999999,0.09000000000003183,normal_market,1768731132.0392818
1210,999.9,999.99,999.9449999999999,0.09000000000003183,normal_market,1768731132.040121
1211,999.9,1000.0,999.95,0.10000000000002274,normal_market,1768731132.041182
1212,999.9,1000.0,999.95,0.10000000000002274,normal_market,1768731132.0423748
1213,999.9,1000.0,999.95,0.10000000000002274,normal_market,1768731132.043672
1214,999.9,1000.0,999.95,0.10000000000002274,normal_market,1768731132.044534
1215,999.9,1000.0,999.95,0.10000000000002274,normal_market,1768731132.045287
1216,999.9,1000.0,999.95,0.10000000000002274,normal_market,1768731132.046071
1217,999.9,1000.0,999.95,0.10000000000002274,normal_market,1768731132.046968
1218,999.9,1000.0,999.95,0.10000000000002274,normal_market,1768731132.047837
1219,999.9,1000.0,999.95,0.10000000000002274,normal_market,1768731132.0487092
1220,999.9,1000.0,999.95,0.10000000000002274,normal_market,1768731132.049804
1221,999.9,1000.0,999.95,0.10000000000002274,normal_market,1768731132.051172
1222,999.9,1000.0,999.95,0.10000000000002274,normal_market,1768731132.052195
1223,999.9,1000.0,999.95,0.10000000000002274,normal_market,1768731132.053251
1224,999.9,1000.0,999.95,0.10000000000002274,normal_market,1768731132.054005
1225,999.9,1000.0,999.95,0.10000000000002274,normal_market,1768731132.05478
1226,999.9,1000.0,999.95,0.10000000000002274,normal_market,1768731132.055568
1227,999.9,1000.0,999.95,0.10000000000002274,normal_market,1768731132.056389
1228,999.9,1000.0,999.95,0.10000000000002274,normal_market,1768731132.057128
1229,999.9,1000.0,999.95,0.10000000000002274,normal_market,1768731132.058474
1230,999.9,1000.0,999.95,0.10000000000002274,normal_market,1768731132.05948
1231,999.9,1000.0,999.95,0.10000000000002274,normal_market,1768731132.0602849
1232,999.9,1000.0,999.95,0.10000000000002274,normal_market,1768731132.0610461
1233,999.9,1000.0,999.95,0.10000000000002274,normal_market,1768731132.062158
1234,999.9,1000.0,999.95,0.10000000000002274,normal_market,1768731132.063025
1235,999.9,1000.0,999.95,0.10000000000002274,normal_market,1768731132.063763
1236,999.9,1000.0,999.95,0.10000000000002274,normal_market,1768731132.06447
1237,999.9,1000.0,999.95,0.10000000000002274,normal_market,1768731132.065451
1238,999.9,1000.0,999.95,0.10000000000002274,normal_market,1768731132.0664582
1239,999.9,1000.0,999.95,0.10000000000002274,normal_market,1768731132.0675259
1240,999.9,1000.0,999.95,0.10000000000002274,normal_market,1768731132.068693
1241,999.9,1000.0,999.95,0.10000000000002274,normal_market,1768731132.069576
1242,999.9,1000.0,999.95,0.10000000000002274,normal_market,1768731132.070475
1243,999.9,1000.0,999.95,0.10000000000002274,normal_market,1768731132.071489
1244,999.9,1000.0,999.95,0.10000000000002274,normal_market,1768731132.07229
1245,999.9,1000.0,999.95,0.10000000000002274,normal_market,1768731132.0732758
1246,999.9,1000.0,999.95,0.10000000000002274,normal_market,1768731132.0741498
1247,999.9,1000.0,999.95,0.10000000000002274,normal_market,1768731132.075066
1248,999.9,1000.0,999.95,0.10000000000002274,normal_market,1768731132.0759811
1249,999.9,1000.0,999.95,0.10000000000002274,normal_market,1768731132.07668
1250,999.9,1000.0,999.95,0.10000000000002274,normal_market,1768731132.07734
1251,999.9,1000.0,999.95,0.10000000000002274,normal_market,1768731132.078122
1252,999.9,1000.0,999.95,0.10000000000002274,normal_market,1768731132.07892
1253,999.9,1000.0,999.95,0.10000000000002274,normal_market,1768731132.079871
1254,999.9,1000.0,999.95,0.10000000000002274,normal_market,1768731132.080642
1255,999.9,1000.0,999.95,0.10000000000002274,normal_market,1768731132.0814788
1256,999.9,1000.0,999.95,0.10000000000002274,normal_market,1768731132.082245
1257,999.91,1000.0,999.9549999999999,0.09000000000003183,normal_market,1768731132.084275
1258,999.91,1000.0,999.9549999999999,0.09000000000003183,normal_market,1768731132.085193
1259,999.91,1000.0,999.9549999999999,0.09000000000003183,normal_market,1768731132.0859761
1260,999.91,1000.0,999.9549999999999,0.09000000000003183,normal_market,1768731132.0869079
1261,999.9,1000.0,999.95,0.10000000000002274,normal_market,1768731132.0879831
1262,999.9,1000.0,999.95,0.10000000000002274,normal_market,1768731132.088784
1263,999.9,1000.0,999.95,0.10000000000002274,normal_market,1768731132.08974
1264,999.9,1000.0,999.95,0.10000000000002274,normal_market,1768731132.090603
1265,999.9,1000.0,999.95,0.10000000000002274,normal_market,1768731132.091626
1266,999.9,1000.0,999.95,0.10000000000002274,normal_market,1768731132.09235
1267,999.9,1000.0,999.95,0.10000000000002274,normal_market,1768731132.0932748
1268,999.9,1000.0,999.95,0.10000000000002274,normal_market,1768731132.094033
1269,999.9,1000.0,999.95,0.10000000000002274,normal_market,1768731132.09491
1270,999.9,1000.0,999.95,0.10000000000002274,normal_market,1768731132.095652
1271,999.9,1000.0,999.95,0.10000000000002274,normal_market,1768731132.096422
1272,999.9,1000.0,999.95,0.10000000000002274,normal_market,1768731132.0974689
1273,999.9,1000.0,999.95,0.10000000000002274,normal_market,1768731132.0984042
1274,999.9,1000.0,999.95,0.10000000000002274,normal_market,1768731132.099261
1275,999.9,1000.0,999.95,0.10000000000002274,normal_market,1768731132.1001222
1276,999.9,1000.0,999.95,0.10000000000002274,normal_market,1768731132.101697
1277,999.9,1000.0,999.95,0.10000000000002274,normal_market,1768731132.102887
1278,999.9,1000.0,999.95,0.10000000000002274,normal_market,1768731132.103814
1279,999.9,1000.0,999.95,0.10000000000002274,normal_market,1768731132.104754
1280,999.9,1000.0,999.95,0.10000000000002274,normal_market,1768731132.106018
1281,999.9,1000.0,999.95,0.10000000000002274,normal_market,1768731132.1072278
1282,999.9,1000.0,999.95,0.10000000000002274,normal_market,1768731132.10964
1283,999.9,1000.0,999.95,0.10000000000002274,normal_market,1768731132.110846
1284,999.9,1000.0,999.95,0.10000000000002274,normal_market,1768731132.1122618
1285,999.9,1000.0,999.95,0.10000000000002274,normal_market,1768731132.113638
1286,999.9,1000.0,999.95,0.10000000000002274,normal_market,1768731132.114926
1287,999.9,1000.0,999.95,0.10000000000002274,normal_market,1768731132.115934
