step,bid,ask,mid,spread,scenario,timestamp
0,0.0,0.0,0,0.0,stressed_market,1768730982.286015
1,997.0,1003.0,1000.0,6.0,stressed_market,1768730982.296461
2,997.4,1000.0,998.7,2.6000000000000227,stressed_market,1768730982.2989829
3,996.8,998.7,997.75,1.900000000000091,stressed_market,1768730982.2995079
4,997.6,997.9,997.75,0.2999999999999545,stressed_market,1768730982.299975
5,997.6,997.9,997.75,0.2999999999999545,stressed_market,1768730982.300374
6,997.7,997.9,997.8,0.1999999999999318,stressed_market,1768730982.300768
7,997.6,997.9,997.75,0.2999999999999545,stressed_market,1768730982.301219
8,997.6,997.9,997.75,0.2999999999999545,stressed_market,1768730982.3016589
9,994.9,997.8,996.3499999999999,2.8999999999999773,stressed_market,1768730982.302046
10,993.8,997.8,995.8,4.0,stressed_market,1768730982.302689
11,994.6,997.0,995.8,2.3999999999999773,stressed_market,1768730982.3033001
12,993.7,995.8,994.75,2.099999999999909,stressed_market,1768730982.3038101
13,994.6,994.9,994.75,0.2999999999999545,stressed_market,1768730982.304176
14,992.3,995.8,994.05,3.5,stressed_market,1768730982.304527
15,992.2,995.8,994.0,3.599999999999909,stressed_market,1768730982.3048918
16,993.6,994.4,994.0,0.7999999999999545,stressed_market,1768730982.305253
17,991.4,996.6,994.0,5.2000000000000455,stressed_market,1768730982.305569
18,992.4,995.6,994.0,3.2000000000000455,stressed_market,1768730982.305881
19,993.1,994.9,994.0,1.7999999999999545,stressed_market,1768730982.306165
20,993.1,994.9,994.0,1.7999999999999545,stressed_market,1768730982.306505
21,989.3,998.7,994.0,9.400000000000091,stressed_market,1768730982.306846
22,994.0,996.7,995.35,2.7000000000000455,stressed_market,1768730982.307155
23,995.3,998.3,996.8,3.0,stressed_market,1768730982.307474
24,995.5,998.1,996.8,2.6000000000000227,stressed_market,1768730982.30781
25,996.7,996.9,996.8,0.1999999999999318,stressed_market,1768730982.3081658
26,996.8,996.9,996.8499999999999,0.10000000000002274,stressed_market,1768730982.308521
27,996.8,997.6,997.2,0.8000000000000682,stressed_market,1768730982.308974
28,997.2,997.6,997.4000000000001,0.39999999999997726,stressed_market,1768730982.309344
29,997.4,997.6,997.5,0.20000000000004547,stressed_market,1768730982.309706
30,997.4,997.6,997.5,0.20000000000004547,stressed_market,1768730982.3100832
31,997.2,997.8,997.5,0.599999999999909,stressed_market,1768730982.310438
32,997.2,997.8,997.5,0.599999999999909,stressed_market,1768730982.311074
33,997.4,997.6,997.5,0.20000000000004547,stressed_market,1768730982.311523
34,997.5,997.6,997.55,0.10000000000002274,stressed_market,1768730982.311924
35,997.4,997.6,997.5,0.20000000000004547,stressed_market,1768730982.312355
36,997.5,997.6,997.55,0.10000000000002274,stressed_market,1768730982.3128
37,997.5,997.6,997.55,0.10000000000002274,stressed_market,1768730982.313409
38,997.5,997.6,997.55,0.10000000000002274,stressed_market,1768730982.313812
39,997.1,998.0,997.55,0.8999999999999773,stressed_market,1768730982.314232
40,997.4,997.7,997.55,0.3000000000000682,stressed_market,1768730982.314543
41,995.9,999.2,997.55,3.300000000000068,stressed_market,1768730982.314861
42,997.2,997.9,997.55,0.6999999999999318,stressed_market,1768730982.315179
43,997.2,997.9,997.55,0.6999999999999318,stressed_market,1768730982.315541
44,997.5,997.6,997.55,0.10000000000002274,stressed_market,1768730982.315872
45,997.5,997.6,997.55,0.10000000000002274,stressed_market,1768730982.3162189
46,994.6,997.6,996.1,3.0,stressed_market,1768730982.3165498
47,995.7,996.5,996.1,0.7999999999999545,stressed_market,1768730982.317025
48,995.7,996.5,996.1,0.7999999999999545,stressed_market,1768730982.3173718
49,995.7,996.1,995.9000000000001,0.39999999999997726,stressed_market,1768730982.317775
50,992.7,996.1,994.4000000000001,3.3999999999999773,stressed_market,1768730982.318103
51,992.7,996.1,994.4000000000001,3.3999999999999773,stressed_market,1768730982.323671
52,993.0,995.8,994.4,2.7999999999999545,stressed_market,1768730982.326421
53,993.0,995.8,994.4,2.7999999999999545,stressed_market,1768730982.328133
54,992.6,996.09,994.345,3.490000000000009,stressed_market,1768730982.3292859
55,991.2,996.09,993.645,4.889999999999986,stressed_market,1768730982.330176
56,993.6,996.09,994.845,2.490000000000009,stressed_market,1768730982.331222
57,993.6,996.7,995.1500000000001,3.1000000000000227,stressed_market,1768730982.332339
58,994.4,995.9,995.15,1.5,stressed_market,1768730982.333725
59,993.6,999.0,996.3,5.399999999999977,stressed_market,1768730982.334763
60,995.8,996.8,996.3,1.0,stressed_market,1768730982.335819
61,993.9,998.7,996.3,4.800000000000068,stressed_market,1768730982.336828
62,995.2,997.4,996.3,2.199999999999932,stressed_market,1768730982.337934
63,994.8,997.8,996.3,3.0,stressed_market,1768730982.33886
64,995.0,996.3,995.65,1.2999999999999545,stressed_market,1768730982.3400772
65,993.7,996.3,995.0,2.599999999999909,stressed_market,1768730982.340991
66,994.3,995.7,995.0,1.400000000000091,stressed_market,1768730982.341939
67,993.2,996.3,994.75,3.099999999999909,stressed_market,1768730982.3429928
68,994.0,995.5,994.75,1.5,stressed_market,1768730982.344159
69,994.4,994.8,994.5999999999999,0.39999999999997726,stressed_market,1768730982.346302
70,994.0,994.8,994.4,0.7999999999999545,stressed_market,1768730982.3474581
71,992.3,994.8,993.55,2.5,stressed_market,1768730982.34864
72,993.2,993.9,993.55,0.6999999999999318,stressed_market,1768730982.349618
73,993.1,994.0,993.55,0.8999999999999773,stressed_market,1768730982.350806
74,993.1,994.0,993.55,0.8999999999999773,stressed_market,1768730982.35174
75,991.6,995.5,993.55,3.8999999999999773,stressed_market,1768730982.35274
76,993.1,994.0,993.55,0.8999999999999773,stressed_market,1768730982.353963
77,993.2,993.9,993.55,0.6999999999999318,stressed_market,1768730982.354935
78,991.8,995.3,993.55,3.5,stressed_market,1768730982.3559868
79,992.0,995.1,993.55,3.1000000000000227,stressed_market,1768730982.356871
80,990.5,996.6,993.55,6.100000000000023,stressed_market,1768730982.357719
81,990.1,997.0,993.55,6.899999999999977,stressed_market,1768730982.358561
82,991.2,995.9,993.55,4.699999999999932,stressed_market,1768730982.359444
83,992.2,994.9,993.55,2.699999999999932,stressed_market,1768730982.360368
84,993.5,994.4,993.95,0.8999999999999773,stressed_market,1768730982.361324
85,990.2,997.2,993.7,7.0,stressed_market,1768730982.362143
86,990.9,996.5,993.7,5.600000000000023,stressed_market,1768730982.3628259
87,992.6,994.8,993.7,2.199999999999932,stressed_market,1768730982.363581
88,992.9,994.5,993.7,1.6000000000000227,stressed_market,1768730982.364335
89,993.1,994.3,993.7,1.1999999999999318,stressed_market,1768730982.365134
90,993.5,993.9,993.7,0.39999999999997726,stressed_market,1768730982.365938
91,992.3,993.7,993.0,1.400000000000091,stressed_market,1768730982.366752
92,991.3,994.7,993.0,3.400000000000091,stressed_market,1768730982.367535
93,992.1,993.9,993.0,1.7999999999999545,stressed_market,1768730982.368286
94,991.8,994.2,993.0,2.400000000000091,stressed_market,1768730982.369279
95,992.8,993.2,993.0,0.40000000000009095,stressed_market,1768730982.370816
96,993.0,993.2,993.1,0.20000000000004547,stressed_market,1768730982.371788
97,993.1,993.5,993.3,0.39999999999997726,stressed_market,1768730982.3728929
98,993.1,993.6,993.35,0.5,stressed_market,1768730982.3737411
99,993.1,995.0,994.05,1.8999999999999773,stressed_market,1768730982.3745542
100,994.0,994.6,994.3,0.6000000000000227,stressed_market,1768730982.3753011
101,993.5,994.6,994.05,1.1000000000000227,stressed_market,1768730982.376089
102,993.9,994.2,994.05,0.3000000000000682,stressed_market,1768730982.376755
103,993.9,994.2,994.05,0.3000000000000682,stressed_market,1768730982.3778272
104,993.6,994.1,993.85,0.5,stressed_market,1768730982.3788722
105,994.0,994.2,994.1,0.20000000000004547,stressed_market,1768730982.3815339
106,992.6,995.6,994.1,3.0,stressed_market,1768730982.382699
107,993.5,994.1,993.8,0.6000000000000227,stressed_market,1768730982.383693
108,993.4,994.1,993.75,0.7000000000000455,stressed_market,1768730982.384657
109,993.7,994.1,993.9000000000001,0.39999999999997726,stressed_market,1768730982.385639
110,993.4,994.1,993.75,0.7000000000000455,stressed_market,1768730982.386867
111,993.1,994.1,993.6,1.0,stressed_market,1768730982.389416
112,993.1,994.1,993.6,1.0,stressed_market,1768730982.3927739
113,992.7,994.1,993.4000000000001,1.3999999999999773,stressed_market,1768730982.395114
114,989.1,994.1,991.6,5.0,stressed_market,1768730982.3966541
115,991.2,992.0,991.6,0.7999999999999545,stressed_market,1768730982.397781
116,991.4,991.8,991.5999999999999,0.39999999999997726,stressed_market,1768730982.399511
117,991.4,991.8,991.5999999999999,0.39999999999997726,stressed_market,1768730982.401572
118,991.2,992.0,991.6,0.7999999999999545,stressed_market,1768730982.402703
119,989.9,993.3,991.5999999999999,3.3999999999999773,stressed_market,1768730982.403899
120,990.5,992.7,991.6,2.2000000000000455,stressed_market,1768730982.405097
121,991.1,992.1,991.6,1.0,stressed_market,1768730982.406166
122,991.5,991.7,991.6,0.20000000000004547,stressed_market,1768730982.4076748
123,991.5,991.7,991.6,0.20000000000004547,stressed_market,1768730982.410617
124,991.5,991.7,991.6,0.20000000000004547,stressed_market,1768730982.411655
125,991.5,991.7,991.6,0.20000000000004547,stressed_market,1768730982.412849
126,991.5,991.6,991.55,0.10000000000002274,stressed_market,1768730982.4159832
127,991.4,991.6,991.5,0.20000000000004547,stressed_market,1768730982.417375
128,991.5,991.6,991.55,0.10000000000002274,stressed_market,1768730982.418505
129,988.6,991.6,990.1,3.0,stressed_market,1768730982.4198232
130,989.9,990.3,990.0999999999999,0.39999999999997726,stressed_market,1768730982.421566
131,990.1,991.6,990.85,1.5,stressed_market,1768730982.423012
132,990.5,991.2,990.85,0.7000000000000455,stressed_market,1768730982.424294
133,990.5,991.2,990.85,0.7000000000000455,stressed_market,1768730982.4253938
134,990.5,991.2,990.85,0.7000000000000455,stressed_market,1768730982.426246
135,988.0,990.9,989.45,2.8999999999999773,stressed_market,1768730982.427119
136,989.3,989.6,989.45,0.3000000000000682,stressed_market,1768730982.428006
137,989.3,989.6,989.45,0.3000000000000682,stressed_market,1768730982.429218
138,989.4,989.6,989.5,0.20000000000004547,stressed_market,1768730982.429997
139,989.4,989.6,989.5,0.20000000000004547,stressed_market,1768730982.430649
140,989.4,990.1,989.75,0.7000000000000455,stressed_market,1768730982.431322
141,989.7,990.1,989.9000000000001,0.39999999999997726,stressed_market,1768730982.4320278
142,989.8,990.0,989.9,0.20000000000004547,stressed_market,1768730982.432671
143,989.8,990.0,989.9,0.20000000000004547,stressed_market,1768730982.433275
144,989.8,989.9,989.8499999999999,0.10000000000002274,stressed_market,1768730982.433964
145,987.8,989.9,988.8499999999999,2.1000000000000227,stressed_market,1768730982.434581
146,987.6,989.9,988.75,2.2999999999999545,stressed_market,1768730982.435182
147,988.7,989.9,989.3,1.1999999999999318,stressed_market,1768730982.43603
148,988.7,989.9,989.3,1.1999999999999318,stressed_market,1768730982.436734
149,988.7,991.4,990.05,2.699999999999932,stressed_market,1768730982.437349
150,988.7,993.0,990.85,4.2999999999999545,stressed_market,1768730982.437949
151,989.2,992.5,990.85,3.2999999999999545,stressed_market,1768730982.4385731
152,990.2,991.5,990.85,1.2999999999999545,stressed_market,1768730982.439156
153,989.9,991.8,990.8499999999999,1.8999999999999773,stressed_market,1768730982.4398
154,990.5,990.9,990.7,0.39999999999997726,stressed_market,1768730982.440557
155,988.0,990.9,989.45,2.8999999999999773,stressed_market,1768730982.441331
156,989.0,989.9,989.45,0.8999999999999773,stressed_market,1768730982.442088
157,988.5,990.4,989.45,1.8999999999999773,stressed_market,1768730982.4427378
158,987.8,990.9,989.3499999999999,3.1000000000000227,stressed_market,1768730982.443404
159,987.0,990.9,988.95,3.8999999999999773,stressed_market,1768730982.444096
160,987.6,990.3,988.95,2.699999999999932,stressed_market,1768730982.444716
161,988.4,989.5,988.95,1.1000000000000227,stressed_market,1768730982.445378
162,988.3,989.6,988.95,1.3000000000000682,stressed_market,1768730982.4459698
163,988.4,989.5,988.95,1.1000000000000227,stressed_market,1768730982.4466019
164,988.3,989.6,988.95,1.3000000000000682,stressed_market,1768730982.4472299
165,988.3,989.6,988.95,1.3000000000000682,stressed_market,1768730982.44788
166,988.9,989.0,988.95,0.10000000000002274,stressed_market,1768730982.4485078
167,986.5,989.0,987.75,2.5,stressed_market,1768730982.4491498
168,987.2,988.3,987.75,1.099999999999909,stressed_market,1768730982.4497752
169,985.3,990.2,987.75,4.900000000000091,stressed_market,1768730982.450495
170,987.7,988.1,987.9000000000001,0.39999999999997726,stressed_market,1768730982.451184
171,987.7,988.2,987.95,0.5,stressed_market,1768730982.4518158
172,987.7,989.4,988.55,1.6999999999999318,stressed_market,1768730982.4525151
173,987.9,989.2,988.55,1.3000000000000682,stressed_market,1768730982.4531531
174,988.3,988.6,988.45,0.3000000000000682,stressed_market,1768730982.45381
175,988.3,988.6,988.45,0.3000000000000682,stressed_market,1768730982.454435
176,988.2,988.6,988.4000000000001,0.39999999999997726,stressed_market,1768730982.455049
177,988.2,988.4,988.3,0.1999999999999318,stressed_market,1768730982.455647
178,987.7,989.8,988.75,2.099999999999909,stressed_market,1768730982.456245
179,988.7,989.4,989.05,0.6999999999999318,stressed_market,1768730982.458784
180,988.7,989.4,989.05,0.6999999999999318,stressed_market,1768730982.4595149
181,988.2,989.9,989.05,1.6999999999999318,stressed_market,1768730982.460889
182,988.7,989.4,989.05,0.6999999999999318,stressed_market,1768730982.46158
183,988.7,989.4,989.05,0.6999999999999318,stressed_market,1768730982.462202
184,987.8,990.3,989.05,2.5,stressed_market,1768730982.462801
185,988.6,989.5,989.05,0.8999999999999773,stressed_market,1768730982.4634318
186,987.0,991.1,989.05,4.100000000000023,stressed_market,1768730982.4639602
187,987.6,990.5,989.05,2.8999999999999773,stressed_market,1768730982.464499
188,985.9,992.2,989.05,6.300000000000068,stressed_market,1768730982.4650822
189,989.0,990.0,989.5,1.0,stressed_market,1768730982.465845
190,988.1,990.0,989.05,1.8999999999999773,stressed_market,1768730982.466901
191,988.8,989.3,989.05,0.5,stressed_market,1768730982.467492
192,988.8,989.3,989.05,0.5,stressed_market,1768730982.468069
193,987.1,991.0,989.05,3.8999999999999773,stressed_market,1768730982.468609
194,988.0,990.1,989.05,2.1000000000000227,stressed_market,1768730982.46924
195,988.5,989.6,989.05,1.1000000000000227,stressed_market,1768730982.469826
196,987.7,990.4,989.05,2.699999999999932,stressed_market,1768730982.470498
197,989.0,989.1,989.05,0.10000000000002274,stressed_market,1768730982.471149
198,989.0,989.1,989.05,0.10000000000002274,stressed_market,1768730982.4717891
199,988.0,989.1,988.55,1.1000000000000227,stressed_market,1768730982.472425
200,988.5,989.1,988.8,0.6000000000000227,stressed_market,1768730982.4730089
201,988.8,989.1,988.95,0.3000000000000682,stressed_market,1768730982.4736252
202,988.9,990.4,989.65,1.5,stressed_market,1768730982.474242
203,988.8,989.7,989.25,0.900000000000091,stressed_market,1768730982.474945
204,988.8,989.7,989.25,0.900000000000091,stressed_market,1768730982.475582
205,988.9,989.6,989.25,0.7000000000000455,stressed_market,1768730982.476179
206,988.8,989.7,989.25,0.900000000000091,stressed_market,1768730982.476764
207,988.8,989.7,989.25,0.900000000000091,stressed_market,1768730982.477367
208,988.7,989.7,989.2,1.0,stressed_market,1768730982.477986
209,988.8,989.2,989.0,0.40000000000009095,stressed_market,1768730982.478654
210,985.9,989.2,987.55,3.300000000000068,stressed_market,1768730982.4793239
211,985.5,989.2,987.35,3.7000000000000455,stressed_market,1768730982.4799922
212,986.9,987.8,987.3499999999999,0.8999999999999773,stressed_market,1768730982.480685
213,987.3,987.8,987.55,0.5,stressed_market,1768730982.481775
214,987.3,988.6,987.95,1.3000000000000682,stressed_market,1768730982.4825459
215,987.9,988.6,988.25,0.7000000000000455,stressed_market,1768730982.48326
216,987.9,989.8,988.8499999999999,1.8999999999999773,stressed_market,1768730982.484572
217,988.2,989.5,988.85,1.2999999999999545,stressed_market,1768730982.48545
218,987.9,991.1,989.5,3.2000000000000455,stressed_market,1768730982.486495
219,987.7,989.5,988.6,1.7999999999999545,stressed_market,1768730982.4873888
220,988.4,988.8,988.5999999999999,0.39999999999997726,stressed_market,1768730982.488021
221,988.6,988.8,988.7,0.1999999999999318,stressed_market,1768730982.488629
222,988.6,989.1,988.85,0.5,stressed_market,1768730982.4892921
223,988.8,989.0,988.9,0.20000000000004547,stressed_market,1768730982.4899268
224,988.0,989.8,988.9,1.7999999999999545,stressed_market,1768730982.490564
225,985.9,991.5,988.7,5.600000000000023,stressed_market,1768730982.4912288
226,986.6,988.7,987.6500000000001,2.1000000000000227,stressed_market,1768730982.491807
227,986.6,987.7,987.1500000000001,1.1000000000000227,stressed_market,1768730982.492469
228,986.2,987.7,986.95,1.5,stressed_market,1768730982.493131
229,986.2,987.7,986.95,1.5,stressed_market,1768730982.4938219
230,985.35,987.7,986.5250000000001,2.3500000000000227,stressed_market,1768730982.494426
231,986.5,987.7,987.1,1.2000000000000455,stressed_market,1768730982.495164
232,987.0,987.2,987.1,0.20000000000004547,stressed_market,1768730982.495819
233,987.0,987.2,987.1,0.20000000000004547,stressed_market,1768730982.496499
234,987.1,987.2,987.1500000000001,0.10000000000002274,stressed_market,1768730982.505437
235,986.8,987.4,987.0999999999999,0.6000000000000227,stressed_market,1768730982.506367
236,986.2,988.0,987.1,1.7999999999999545,stressed_market,1768730982.5070689
237,987.0,987.2,987.1,0.20000000000004547,stressed_market,1768730982.507723
238,986.0,988.2,987.1,2.2000000000000455,stressed_market,1768730982.508397
239,985.9,988.3,987.0999999999999,2.3999999999999773,stressed_market,1768730982.509037
240,985.35,991.9,988.625,6.5499999999999545,stressed_market,1768730982.509645
241,987.1,988.6,987.85,1.5,stressed_market,1768730982.510248
242,987.6,988.1,987.85,0.5,stressed_market,1768730982.5110028
243,985.9,988.6,987.25,2.7000000000000455,stressed_market,1768730982.5118022
244,985.6,988.6,987.1,3.0,stressed_market,1768730982.5124311
245,985.4,988.8,987.0999999999999,3.3999999999999773,stressed_market,1768730982.51313
246,985.6,987.1,986.35,1.5,stressed_market,1768730982.513731
247,985.35,987.1,986.225,1.75,stressed_market,1768730982.514327
248,986.1,986.3,986.2,0.1999999999999318,stressed_market,1768730982.514923
249,985.35,987.1,986.225,1.75,stressed_market,1768730982.51554
250,986.2,987.1,986.6500000000001,0.8999999999999773,stressed_market,1768730982.516166
251,985.35,987.1,986.225,1.75,stressed_market,1768730982.5168
252,986.2,986.3,986.25,0.09999999999990905,stressed_market,1768730982.51748
253,986.2,987.1,986.6500000000001,0.8999999999999773,stressed_market,1768730982.518176
254,986.2,987.1,986.6500000000001,0.8999999999999773,stressed_market,1768730982.518848
255,986.5,986.8,986.65,0.2999999999999545,stressed_market,1768730982.5195389
256,986.5,986.8,986.65,0.2999999999999545,stressed_market,1768730982.520174
257,986.6,986.8,986.7,0.1999999999999318,stressed_market,1768730982.520802
258,986.6,986.8,986.7,0.1999999999999318,stressed_market,1768730982.5214489
259,986.6,990.9,988.75,4.2999999999999545,stressed_market,1768730982.5220869
260,986.6,991.4,989.0,4.7999999999999545,stressed_market,1768730982.522712
261,987.0,991.0,989.0,4.0,stressed_market,1768730982.5233731
262,986.1,991.4,988.75,5.2999999999999545,stressed_market,1768730982.523965
263,988.7,988.9,988.8,0.1999999999999318,stressed_market,1768730982.5245461
264,988.8,988.9,988.8499999999999,0.10000000000002274,stressed_market,1768730982.52526
265,988.8,990.9,989.8499999999999,2.1000000000000227,stressed_market,1768730982.525864
266,989.2,990.5,989.85,1.2999999999999545,stressed_market,1768730982.526479
267,989.0,990.7,989.85,1.7000000000000455,stressed_market,1768730982.5270898
268,989.0,990.7,989.85,1.7000000000000455,stressed_market,1768730982.527741
269,989.0,990.7,989.85,1.7000000000000455,stressed_market,1768730982.528318
270,987.6,992.1,989.85,4.5,stressed_market,1768730982.528886
271,989.5,989.9,989.7,0.39999999999997726,stressed_market,1768730982.5294452
272,989.5,989.9,989.7,0.39999999999997726,stressed_market,1768730982.5300128
273,989.5,990.2,989.85,0.7000000000000455,stressed_market,1768730982.530566
274,989.5,990.2,989.85,0.7000000000000455,stressed_market,1768730982.531175
275,989.3,990.4,989.8499999999999,1.1000000000000227,stressed_market,1768730982.531703
276,989.2,990.5,989.85,1.2999999999999545,stressed_market,1768730982.532216
277,988.1,991.6,989.85,3.5,stressed_market,1768730982.532712
278,988.4,991.3,989.8499999999999,2.8999999999999773,stressed_market,1768730982.533293
279,989.3,990.4,989.8499999999999,1.1000000000000227,stressed_market,1768730982.5340219
280,987.9,991.8,989.8499999999999,3.8999999999999773,stressed_market,1768730982.53473
281,988.4,991.3,989.8499999999999,2.8999999999999773,stressed_market,1768730982.535409
282,987.7,992.0,989.85,4.2999999999999545,stressed_market,1768730982.536132
283,989.8,989.9,989.8499999999999,0.10000000000002274,stressed_market,1768730982.536917
284,988.6,989.9,989.25,1.2999999999999545,stressed_market,1768730982.537525
285,986.0,989.9,987.95,3.8999999999999773,stressed_market,1768730982.5384908
286,987.4,988.5,987.95,1.1000000000000227,stressed_market,1768730982.53936
287,987.7,988.2,987.95,0.5,stressed_market,1768730982.540024
288,987.7,988.2,987.95,0.5,stressed_market,1768730982.540681
289,987.7,988.2,987.95,0.5,stressed_market,1768730982.5413802
290,987.7,988.2,987.95,0.5,stressed_market,1768730982.542079
291,986.5,989.4,987.95,2.8999999999999773,stressed_market,1768730982.542887
292,987.9,989.5,988.7,1.6000000000000227,stressed_market,1768730982.543645
293,987.8,989.6,988.7,1.8000000000000682,stressed_market,1768730982.544518
294,988.4,989.0,988.7,0.6000000000000227,stressed_market,1768730982.5453
295,988.1,989.3,988.7,1.1999999999999318,stressed_market,1768730982.546127
296,988.1,989.3,988.7,1.1999999999999318,stressed_market,1768730982.546848
297,988.7,989.3,989.0,0.599999999999909,stressed_market,1768730982.547633
298,988.7,989.3,989.0,0.599999999999909,stressed_market,1768730982.548424
299,988.8,989.2,989.0,0.40000000000009095,stressed_market,1768730982.5502348
300,988.2,989.8,989.0,1.599999999999909,stressed_market,1768730982.5509691
301,988.2,989.8,989.0,1.599999999999909,stressed_market,1768730982.5516832
302,986.9,989.97,988.435,3.07000000000005,stressed_market,1768730982.552306
303,988.4,989.3,988.8499999999999,0.8999999999999773,stressed_market,1768730982.552968
304,988.8,989.1,988.95,0.3000000000000682,stressed_market,1768730982.553589
305,988.8,989.6,989.2,0.8000000000000682,stressed_market,1768730982.554282
306,988.9,989.5,989.2,0.6000000000000227,stressed_market,1768730982.554914
307,988.8,989.97,989.385,1.1700000000000728,stressed_market,1768730982.5555332
308,988.1,989.4,988.75,1.2999999999999545,stressed_market,1768730982.5561988
309,988.7,989.97,989.335,1.2699999999999818,stressed_market,1768730982.557046
310,989.3,989.97,989.635,0.6700000000000728,stressed_market,1768730982.558005
311,989.3,989.97,989.635,0.6700000000000728,stressed_market,1768730982.5586739
312,989.3,989.97,989.635,0.6700000000000728,stressed_market,1768730982.559293
313,989.3,989.97,989.635,0.6700000000000728,stressed_market,1768730982.559969
314,989.3,989.97,989.635,0.6700000000000728,stressed_market,1768730982.560713
315,989.3,989.97,989.635,0.6700000000000728,stressed_market,1768730982.5613592
316,989.3,989.97,989.635,0.6700000000000728,stressed_market,1768730982.561974
317,989.3,989.97,989.635,0.6700000000000728,stressed_market,1768730982.562638
318,989.3,989.97,989.635,0.6700000000000728,stressed_market,1768730982.563295
319,989.3,989.97,989.635,0.6700000000000728,stressed_market,1768730982.563933
320,989.3,989.6,989.45,0.3000000000000682,stressed_market,1768730982.5645819
321,989.3,989.6,989.45,0.3000000000000682,stressed_market,1768730982.565228
322,989.3,989.6,989.45,0.3000000000000682,stressed_market,1768730982.565888
323,989.3,989.97,989.635,0.6700000000000728,stressed_market,1768730982.56651
324,989.6,989.8,989.7,0.1999999999999318,stressed_market,1768730982.56715
325,989.3,989.97,989.635,0.6700000000000728,stressed_market,1768730982.567751
326,988.7,989.97,989.335,1.2699999999999818,stressed_market,1768730982.568415
327,989.1,989.6,989.35,0.5,stressed_market,1768730982.569153
328,988.7,989.9,989.3,1.1999999999999318,stressed_market,1768730982.569875
329,989.3,989.97,989.635,0.6700000000000728,stressed_market,1768730982.57055
330,989.4,989.9,989.65,0.5,stressed_market,1768730982.571266
331,989.3,989.97,989.635,0.6700000000000728,stressed_market,1768730982.571989
332,989.0,989.97,989.485,0.9700000000000273,stressed_market,1768730982.5727239
333,989.4,989.6,989.5,0.20000000000004547,stressed_market,1768730982.573442
334,988.3,989.97,989.135,1.6700000000000728,stressed_market,1768730982.5741591
335,988.3,989.1,988.7,0.8000000000000682,stressed_market,1768730982.574854
336,988.7,989.1,988.9000000000001,0.39999999999997726,stressed_market,1768730982.575548
337,988.7,988.9,988.8,0.1999999999999318,stressed_market,1768730982.5763168
338,988.7,988.9,988.8,0.1999999999999318,stressed_market,1768730982.577043
339,988.7,988.9,988.8,0.1999999999999318,stressed_market,1768730982.577774
340,988.7,988.9,988.8,0.1999999999999318,stressed_market,1768730982.578412
341,988.7,988.8,988.75,0.09999999999990905,stressed_market,1768730982.5792582
342,988.7,988.9,988.8,0.1999999999999318,stressed_market,1768730982.580023
343,988.7,989.1,988.9000000000001,0.39999999999997726,stressed_market,1768730982.580745
344,988.7,989.1,988.9000000000001,0.39999999999997726,stressed_market,1768730982.581474
345,988.7,989.2,988.95,0.5,stressed_market,1768730982.5822039
346,988.7,989.97,989.335,1.2699999999999818,stressed_market,1768730982.582916
347,988.7,989.97,989.335,1.2699999999999818,stressed_market,1768730982.583937
348,988.7,989.97,989.335,1.2699999999999818,stressed_market,1768730982.584834
349,988.7,989.97,989.335,1.2699999999999818,stressed_market,1768730982.585831
350,989.1,989.3,989.2,0.1999999999999318,stressed_market,1768730982.586777
351,989.1,989.3,989.2,0.1999999999999318,stressed_market,1768730982.587564
352,989.2,989.3,989.25,0.09999999999990905,stressed_market,1768730982.588314
353,989.2,989.3,989.25,0.09999999999990905,stressed_market,1768730982.589041
354,988.7,989.3,989.0,0.599999999999909,stressed_market,1768730982.589764
355,989.0,989.3,989.15,0.2999999999999545,stressed_market,1768730982.590525
356,989.0,989.3,989.15,0.2999999999999545,stressed_market,1768730982.591291
357,989.0,989.2,989.1,0.20000000000004547,stressed_market,1768730982.5919628
358,989.0,989.2,989.1,0.20000000000004547,stressed_market,1768730982.5926101
359,988.7,989.2,988.95,0.5,stressed_market,1768730982.593277
360,985.35,989.2,987.2750000000001,3.8500000000000227,stressed_market,1768730982.593964
361,986.3,988.3,987.3,2.0,stressed_market,1768730982.59487
362,985.8,988.8,987.3,3.0,stressed_market,1768730982.595516
363,987.0,987.6,987.3,0.6000000000000227,stressed_market,1768730982.596168
364,987.0,987.6,987.3,0.6000000000000227,stressed_market,1768730982.596842
365,987.0,987.6,987.3,0.6000000000000227,stressed_market,1768730982.5975199
366,987.3,987.6,987.45,0.3000000000000682,stressed_market,1768730982.598224
367,987.4,987.5,987.45,0.10000000000002274,stressed_market,1768730982.5989828
368,987.3,987.5,987.4,0.20000000000004547,stressed_market,1768730982.599724
369,987.3,987.5,987.4,0.20000000000004547,stressed_market,1768730982.6005728
370,986.6,987.5,987.05,0.8999999999999773,stressed_market,1768730982.601331
371,985.35,987.5,986.425,2.1499999999999773,stressed_market,1768730982.602329
372,985.35,987.5,986.425,2.1499999999999773,stressed_market,1768730982.603157
373,985.35,987.5,986.425,2.1499999999999773,stressed_market,1768730982.603839
374,985.35,987.5,986.425,2.1499999999999773,stressed_market,1768730982.6044888
375,985.35,987.5,986.425,2.1499999999999773,stressed_market,1768730982.6051688
376,985.35,987.5,986.425,2.1499999999999773,stressed_market,1768730982.6058528
377,986.4,986.6,986.5,0.20000000000004547,stressed_market,1768730982.60657
378,986.4,986.6,986.5,0.20000000000004547,stressed_market,1768730982.6073248
379,986.4,987.1,986.75,0.7000000000000455,stressed_market,1768730982.608087
380,986.4,989.97,988.185,3.57000000000005,stressed_market,1768730982.608798
381,986.4,989.97,988.185,3.57000000000005,stressed_market,1768730982.609511
382,987.5,988.8,988.15,1.2999999999999545,stressed_market,1768730982.610237
383,987.8,988.5,988.15,0.7000000000000455,stressed_market,1768730982.611168
384,987.9,988.4,988.15,0.5,stressed_market,1768730982.611918
385,985.9,989.97,987.935,4.07000000000005,stressed_market,1768730982.612876
386,987.9,989.2,988.55,1.3000000000000682,stressed_market,1768730982.613827
387,988.5,989.3,988.9,0.7999999999999545,stressed_market,1768730982.6146922
388,988.5,989.3,988.9,0.7999999999999545,stressed_market,1768730982.615469
389,988.5,988.9,988.7,0.39999999999997726,stressed_market,1768730982.6162791
390,988.7,988.8,988.75,0.09999999999990905,stressed_market,1768730982.6183538
391,988.7,988.9,988.8,0.1999999999999318,stressed_market,1768730982.619339
392,988.7,988.8,988.75,0.09999999999990905,stressed_market,1768730982.6200478
393,988.7,989.35,989.0250000000001,0.6499999999999773,stressed_market,1768730982.6207418
394,988.7,989.35,989.0250000000001,0.6499999999999773,stressed_market,1768730982.621423
395,988.7,989.35,989.0250000000001,0.6499999999999773,stressed_market,1768730982.6221042
396,988.7,989.35,989.0250000000001,0.6499999999999773,stressed_market,1768730982.622907
397,987.1,989.35,988.225,2.25,stressed_market,1768730982.623533
398,986.9,989.35,988.125,2.4500000000000455,stressed_market,1768730982.6241422
399,987.9,988.4,988.15,0.5,stressed_market,1768730982.624896
400,987.3,989.0,988.15,1.7000000000000455,stressed_market,1768730982.6255732
401,988.1,988.3,988.2,0.1999999999999318,stressed_market,1768730982.6262348
402,988.1,988.3,988.2,0.1999999999999318,stressed_market,1768730982.6269062
403,987.9,988.5,988.2,0.6000000000000227,stressed_market,1768730982.627746
404,985.6,989.35,987.475,3.75,stressed_market,1768730982.628405
405,985.6,989.35,987.475,3.75,stressed_market,1768730982.6290188
406,986.2,988.8,987.5,2.599999999999909,stressed_market,1768730982.6296918
407,986.5,988.5,987.5,2.0,stressed_market,1768730982.6303139
408,985.9,989.1,987.5,3.2000000000000455,stressed_market,1768730982.63095
409,986.8,988.2,987.5,1.400000000000091,stressed_market,1768730982.6315362
410,985.35,989.35,987.35,4.0,stressed_market,1768730982.632116
411,986.6,988.1,987.35,1.5,stressed_market,1768730982.633162
412,986.7,988.0,987.35,1.2999999999999545,stressed_market,1768730982.634057
413,986.7,988.0,987.35,1.2999999999999545,stressed_market,1768730982.6352189
414,987.0,987.7,987.35,0.7000000000000455,stressed_market,1768730982.636748
415,987.0,987.7,987.35,0.7000000000000455,stressed_market,1768730982.637741
416,987.1,987.6,987.35,0.5,stressed_market,1768730982.6384928
417,986.8,987.4,987.0999999999999,0.6000000000000227,stressed_market,1768730982.639201
418,986.0,987.4,986.7,1.3999999999999773,stressed_market,1768730982.64003
419,986.2,987.2,986.7,1.0,stressed_market,1768730982.640717
420,986.1,987.3,986.7,1.1999999999999318,stressed_market,1768730982.641338
421,982.2,989.35,985.7750000000001,7.149999999999977,stressed_market,1768730982.641966
422,985.6,985.9,985.75,0.2999999999999545,stressed_market,1768730982.642553
423,985.6,985.9,985.75,0.2999999999999545,stressed_market,1768730982.643181
424,985.7,985.9,985.8,0.1999999999999318,stressed_market,1768730982.64379
425,985.7,985.9,985.8,0.1999999999999318,stressed_market,1768730982.644792
426,985.7,985.9,985.8,0.1999999999999318,stressed_market,1768730982.6456819
427,982.1,989.35,985.725,7.25,stressed_market,1768730982.6468532
428,985.0,986.4,985.7,1.3999999999999773,stressed_market,1768730982.647837
429,985.7,988.2,986.95,2.5,stressed_market,1768730982.648611
430,986.0,987.9,986.95,1.8999999999999773,stressed_market,1768730982.649302
431,985.7,988.9,987.3,3.199999999999932,stressed_market,1768730982.650007
432,985.7,989.35,987.5250000000001,3.6499999999999773,stressed_market,1768730982.65073
433,987.0,988.0,987.5,1.0,stressed_market,1768730982.651387
434,985.8,989.3,987.55,3.5,stressed_market,1768730982.652085
435,985.8,989.3,987.55,3.5,stressed_market,1768730982.653596
436,985.7,987.6,986.6500000000001,1.8999999999999773,stressed_market,1768730982.654499
437,985.9,987.4,986.65,1.5,stressed_market,1768730982.655178
438,985.8,987.5,986.65,1.7000000000000455,stressed_market,1768730982.655874
439,986.6,986.8,986.7,0.1999999999999318,stressed_market,1768730982.6566699
440,985.7,987.6,986.6500000000001,1.8999999999999773,stressed_market,1768730982.6575491
441,985.7,987.6,986.6500000000001,1.8999999999999773,stressed_market,1768730982.6583512
442,985.7,987.6,986.6500000000001,1.8999999999999773,stressed_market,1768730982.6591308
443,985.7,987.6,986.6500000000001,1.8999999999999773,stressed_market,1768730982.6599739
444,985.7,987.6,986.6500000000001,1.8999999999999773,stressed_market,1768730982.660716
445,985.7,988.0,986.85,2.2999999999999545,stressed_market,1768730982.66155
446,986.8,987.4,987.0999999999999,0.6000000000000227,stressed_market,1768730982.662384
447,986.8,987.9,987.3499999999999,1.1000000000000227,stressed_market,1768730982.664586
448,986.8,988.3,987.55,1.5,stressed_market,1768730982.66557
449,987.5,987.6,987.55,0.10000000000002274,stressed_market,1768730982.666343
450,987.5,987.6,987.55,0.10000000000002274,stressed_market,1768730982.66706
451,987.5,988.5,988.0,1.0,stressed_market,1768730982.667836
452,987.5,988.0,987.75,0.5,stressed_market,1768730982.6685371
453,986.8,988.7,987.75,1.900000000000091,stressed_market,1768730982.6692579
454,986.8,988.7,987.75,1.900000000000091,stressed_market,1768730982.66995
455,987.7,988.2,987.95,0.5,stressed_market,1768730982.670896
456,987.7,989.35,988.5250000000001,1.6499999999999773,stressed_market,1768730982.671626
457,987.9,989.2,988.55,1.3000000000000682,stressed_market,1768730982.67252
458,988.0,989.1,988.55,1.1000000000000227,stressed_market,1768730982.673308
459,987.4,989.35,988.375,1.9500000000000455,stressed_market,1768730982.674092
460,987.2,988.4,987.8,1.1999999999999318,stressed_market,1768730982.674834
461,987.2,989.35,988.2750000000001,2.1499999999999773,stressed_market,1768730982.675633
462,987.2,989.35,988.2750000000001,2.1499999999999773,stressed_market,1768730982.6764212
463,988.2,988.3,988.25,0.09999999999990905,stressed_market,1768730982.677304
464,987.4,989.1,988.25,1.7000000000000455,stressed_market,1768730982.6786351
465,987.7,988.8,988.25,1.099999999999909,stressed_market,1768730982.679966
466,988.2,989.35,988.7750000000001,1.1499999999999773,stressed_market,1768730982.681948
467,988.2,989.35,988.7750000000001,1.1499999999999773,stressed_market,1768730982.6828349
468,988.2,989.35,988.7750000000001,1.1499999999999773,stressed_market,1768730982.6836538
469,985.5,989.35,987.425,3.8500000000000227,stressed_market,1768730982.6844401
470,986.4,988.4,987.4,2.0,stressed_market,1768730982.685243
471,987.1,987.4,987.25,0.2999999999999545,stressed_market,1768730982.686344
472,986.4,988.4,987.4,2.0,stressed_market,1768730982.687275
473,987.1,987.4,987.25,0.2999999999999545,stressed_market,1768730982.688156
474,987.2,987.4,987.3,0.1999999999999318,stressed_market,1768730982.688907
475,987.2,988.1,987.6500000000001,0.8999999999999773,stressed_market,1768730982.689758
476,987.5,987.8,987.65,0.2999999999999545,stressed_market,1768730982.6904619
477,987.6,987.8,987.7,0.1999999999999318,stressed_market,1768730982.691133
478,987.7,987.8,987.75,0.09999999999990905,stressed_market,1768730982.6918201
479,987.7,987.8,987.75,0.09999999999990905,stressed_market,1768730982.69253
480,987.7,988.8,988.25,1.099999999999909,stressed_market,1768730982.693213
481,984.8,989.35,987.075,4.550000000000068,stressed_market,1768730982.693936
482,986.5,987.6,987.05,1.1000000000000227,stressed_market,1768730982.6949692
483,984.3,989.35,986.825,5.050000000000068,stressed_market,1768730982.6958048
484,986.1,986.8,986.45,0.6999999999999318,stressed_market,1768730982.6966112
485,986.1,986.5,986.3,0.39999999999997726,stressed_market,1768730982.697375
486,986.1,986.5,986.3,0.39999999999997726,stressed_market,1768730982.698356
487,986.3,986.5,986.4,0.20000000000004547,stressed_market,1768730982.699095
488,986.4,986.5,986.45,0.10000000000002274,stressed_market,1768730982.6997812
489,986.3,986.5,986.4,0.20000000000004547,stressed_market,1768730982.7004611
490,986.2,986.5,986.35,0.2999999999999545,stressed_market,1768730982.701142
491,986.2,986.5,986.35,0.2999999999999545,stressed_market,1768730982.701843
492,985.9,986.5,986.2,0.6000000000000227,stressed_market,1768730982.7028558
493,985.1,987.6,986.35,2.5,stressed_market,1768730982.7035751
494,984.3,988.4,986.3499999999999,4.100000000000023,stressed_market,1768730982.704242
495,986.1,986.6,986.35,0.5,stressed_market,1768730982.704898
496,986.3,986.7,986.5,0.40000000000009095,stressed_market,1768730982.705557
497,986.5,987.0,986.75,0.5,stressed_market,1768730982.707663
498,986.5,986.8,986.65,0.2999999999999545,stressed_market,1768730982.708541
499,986.5,986.8,986.65,0.2999999999999545,stressed_market,1768730982.709229
500,986.6,986.7,986.6500000000001,0.10000000000002274,stressed_market,1768730982.7098749
501,986.6,986.7,986.6500000000001,0.10000000000002274,stressed_market,1768730982.7106419
502,986.6,986.7,986.6500000000001,0.10000000000002274,stressed_market,1768730982.711733
503,986.6,986.7,986.6500000000001,0.10000000000002274,stressed_market,1768730982.712925
504,986.6,987.1,986.85,0.5,stressed_market,1768730982.7137659
505,986.7,987.0,986.85,0.2999999999999545,stressed_market,1768730982.714924
506,986.7,987.0,986.85,0.2999999999999545,stressed_market,1768730982.715851
507,986.8,988.9,987.8499999999999,2.1000000000000227,stressed_market,1768730982.716735
508,986.8,988.9,987.8499999999999,2.1000000000000227,stressed_market,1768730982.7175932
509,986.6,989.35,987.975,2.75,stressed_market,1768730982.7183418
510,986.6,989.35,987.975,2.75,stressed_market,1768730982.719279
511,987.4,988.6,988.0,1.2000000000000455,stressed_market,1768730982.720238
512,987.1,988.9,988.0,1.7999999999999545,stressed_market,1768730982.721188
513,987.7,988.3,988.0,0.599999999999909,stressed_market,1768730982.7223601
514,987.9,988.1,988.0,0.20000000000004547,stressed_market,1768730982.723383
515,987.9,988.1,988.0,0.20000000000004547,stressed_market,1768730982.724334
516,985.85,989.35,987.6,3.5,stressed_market,1768730982.725185
517,985.85,987.6,986.725,1.75,stressed_market,1768730982.7259588
518,986.6,986.9,986.75,0.2999999999999545,stressed_market,1768730982.726729
519,986.6,986.9,986.75,0.2999999999999545,stressed_market,1768730982.728122
520,986.0,987.5,986.75,1.5,stressed_market,1768730982.729116
521,986.7,987.1,986.9000000000001,0.39999999999997726,stressed_market,1768730982.729934
522,986.7,988.8,987.75,2.099999999999909,stressed_market,1768730982.7306309
523,987.7,988.1,987.9000000000001,0.39999999999997726,stressed_market,1768730982.731764
524,987.7,988.1,987.9000000000001,0.39999999999997726,stressed_market,1768730982.732724
525,987.7,988.1,987.9000000000001,0.39999999999997726,stressed_market,1768730982.73347
526,987.7,988.1,987.9000000000001,0.39999999999997726,stressed_market,1768730982.73419
527,987.7,988.6,988.1500000000001,0.8999999999999773,stressed_market,1768730982.734956
528,987.7,989.35,988.5250000000001,1.6499999999999773,stressed_market,1768730982.7359118
529,987.7,989.35,988.5250000000001,1.6499999999999773,stressed_market,1768730982.736853
530,988.0,989.0,988.5,1.0,stressed_market,1768730982.7377632
531,986.1,989.35,987.725,3.25,stressed_market,1768730982.738462
532,987.3,988.1,987.7,0.8000000000000682,stressed_market,1768730982.739229
533,986.0,989.35,987.675,3.3500000000000227,stressed_market,1768730982.740097
534,986.9,988.4,987.65,1.5,stressed_market,1768730982.74082
535,986.9,988.4,987.65,1.5,stressed_market,1768730982.74155
536,986.9,987.7,987.3,0.8000000000000682,stressed_market,1768730982.742283
537,986.9,988.4,987.65,1.5,stressed_market,1768730982.743119
538,986.9,988.4,987.65,1.5,stressed_market,1768730982.743971
539,987.4,987.7,987.55,0.3000000000000682,stressed_market,1768730982.74526
540,987.5,987.9,987.7,0.39999999999997726,stressed_market,1768730982.746191
541,987.5,987.9,987.7,0.39999999999997726,stressed_market,1768730982.746956
542,987.5,988.5,988.0,1.0,stressed_market,1768730982.7477992
543,987.5,989.35,988.425,1.8500000000000227,stressed_market,1768730982.7486668
544,987.5,989.35,988.425,1.8500000000000227,stressed_market,1768730982.749557
545,987.5,988.4,987.95,0.8999999999999773,stressed_market,1768730982.750266
546,987.5,988.4,987.95,0.8999999999999773,stressed_market,1768730982.750923
547,987.5,988.4,987.95,0.8999999999999773,stressed_market,1768730982.751689
548,987.5,988.0,987.75,0.5,stressed_market,1768730982.752743
549,986.1,988.0,987.05,1.8999999999999773,stressed_market,1768730982.753661
550,986.2,987.1,986.6500000000001,0.8999999999999773,stressed_market,1768730982.754658
551,986.6,986.7,986.6500000000001,0.10000000000002274,stressed_market,1768730982.755456
552,986.6,986.7,986.6500000000001,0.10000000000002274,stressed_market,1768730982.756246
553,986.6,986.7,986.6500000000001,0.10000000000002274,stressed_market,1768730982.75705
554,986.6,986.7,986.6500000000001,0.10000000000002274,stressed_market,1768730982.757853
555,986.6,986.7,986.6500000000001,0.10000000000002274,stressed_market,1768730982.7585971
556,986.6,986.7,986.6500000000001,0.10000000000002274,stressed_market,1768730982.75931
557,986.6,986.7,986.6500000000001,0.10000000000002274,stressed_market,1768730982.76
558,986.6,986.7,986.6500000000001,0.10000000000002274,stressed_market,1768730982.760799
559,986.6,986.7,986.6500000000001,0.10000000000002274,stressed_market,1768730982.761748
560,986.6,986.7,986.6500000000001,0.10000000000002274,stressed_market,1768730982.76263
561,986.6,986.7,986.6500000000001,0.10000000000002274,stressed_market,1768730982.763359
562,986.6,986.7,986.6500000000001,0.10000000000002274,stressed_market,1768730982.764032
563,986.6,988.8,987.7,2.199999999999932,stressed_market,1768730982.764781
564,987.6,987.8,987.7,0.1999999999999318,stressed_market,1768730982.7655182
565,986.6,989.35,987.975,2.75,stressed_market,1768730982.7662458
566,987.5,988.4,987.95,0.8999999999999773,stressed_market,1768730982.766964
567,987.7,988.0,987.85,0.2999999999999545,stressed_market,1768730982.767772
568,987.7,987.9,987.8,0.1999999999999318,stressed_market,1768730982.768556
569,987.0,988.0,987.5,1.0,stressed_market,1768730982.7694201
570,986.4,987.5,986.95,1.1000000000000227,stressed_market,1768730982.770221
571,986.8,987.0,986.9,0.20000000000004547,stressed_market,1768730982.770946
572,986.9,987.0,986.95,0.10000000000002274,stressed_market,1768730982.771803
573,986.9,987.0,986.95,0.10000000000002274,stressed_market,1768730982.77247
574,986.9,987.0,986.95,0.10000000000002274,stressed_market,1768730982.773296
575,986.9,987.0,986.95,0.10000000000002274,stressed_market,1768730982.773993
576,986.9,988.3,987.5999999999999,1.3999999999999773,stressed_market,1768730982.774664
577,986.9,988.3,987.5999999999999,1.3999999999999773,stressed_market,1768730982.775362
578,987.6,988.0,987.8,0.39999999999997726,stressed_market,1768730982.776001
579,987.6,988.1,987.85,0.5,stressed_market,1768730982.776685
580,987.7,988.0,987.85,0.2999999999999545,stressed_market,1768730982.7773151
581,985.85,989.35,987.6,3.5,stressed_market,1768730982.777908
582,985.85,989.35,987.6,3.5,stressed_market,1768730982.778812
583,985.85,989.35,987.6,3.5,stressed_market,1768730982.7795131
584,987.6,987.9,987.75,0.2999999999999545,stressed_market,1768730982.780215
585,987.6,989.35,988.475,1.75,stressed_market,1768730982.780889
586,987.6,989.35,988.475,1.75,stressed_market,1768730982.7814898
587,986.3,989.35,987.825,3.050000000000068,stressed_market,1768730982.782131
588,986.3,989.35,987.825,3.050000000000068,stressed_market,1768730982.782748
589,985.85,989.35,987.6,3.5,stressed_market,1768730982.783369
590,986.4,988.8,987.5999999999999,2.3999999999999773,stressed_market,1768730982.78399
591,987.6,988.3,987.95,0.6999999999999318,stressed_market,1768730982.784619
592,987.9,988.3,988.0999999999999,0.39999999999997726,stressed_market,1768730982.785246
593,987.9,988.7,988.3,0.8000000000000682,stressed_market,1768730982.786023
594,987.9,989.35,988.625,1.4500000000000455,stressed_market,1768730982.786698
595,987.9,989.35,988.625,1.4500000000000455,stressed_market,1768730982.787385
596,988.0,989.2,988.6,1.2000000000000455,stressed_market,1768730982.788039
597,987.7,989.35,988.5250000000001,1.6499999999999773,stressed_market,1768730982.788785
598,988.3,988.7,988.5,0.40000000000009095,stressed_market,1768730982.78962
599,988.1,988.9,988.5,0.7999999999999545,stressed_market,1768730982.790345
600,987.3,989.35,988.325,2.050000000000068,stressed_market,1768730982.791053
601,988.1,988.6,988.35,0.5,stressed_market,1768730982.7930722
602,988.2,988.5,988.35,0.2999999999999545,stressed_market,1768730982.793843
603,988.3,989.1,988.7,0.8000000000000682,stressed_market,1768730982.794689
604,986.5,990.2,988.35,3.7000000000000455,stressed_market,1768730982.795448
605,987.6,989.1,988.35,1.5,stressed_market,1768730982.796135
606,987.4,988.4,987.9,1.0,stressed_market,1768730982.796824
607,986.2,988.4,987.3,2.199999999999932,stressed_market,1768730982.7979462
608,985.85,988.4,987.125,2.5499999999999545,stressed_market,1768730982.798742
609,985.85,988.4,987.125,2.5499999999999545,stressed_market,1768730982.7994251
610,986.8,987.5,987.15,0.7000000000000455,stressed_market,1768730982.8000581
611,986.7,987.6,987.1500000000001,0.8999999999999773,stressed_market,1768730982.800703
612,986.7,987.6,987.1500000000001,0.8999999999999773,stressed_market,1768730982.801321
613,985.85,989.9,987.875,4.0499999999999545,stressed_market,1768730982.801941
614,987.9,988.4,988.15,0.5,stressed_market,1768730982.802772
615,987.9,989.6,988.75,1.7000000000000455,stressed_market,1768730982.80356
616,988.1,989.4,988.75,1.2999999999999545,stressed_market,1768730982.804511
617,987.9,990.0,988.95,2.1000000000000227,stressed_market,1768730982.805402
618,987.9,990.5,989.2,2.6000000000000227,stressed_market,1768730982.806257
619,988.1,990.3,989.2,2.199999999999932,stressed_market,1768730982.807001
620,988.5,989.9,989.2,1.3999999999999773,stressed_market,1768730982.8076952
621,988.9,989.5,989.2,0.6000000000000227,stressed_market,1768730982.808372
622,989.1,989.3,989.2,0.1999999999999318,stressed_market,1768730982.808993
623,989.2,989.6,989.4000000000001,0.39999999999997726,stressed_market,1768730982.809689
624,989.2,990.1,989.6500000000001,0.8999999999999773,stressed_market,1768730982.810539
625,989.6,991.1,990.35,1.5,stressed_market,1768730982.812001
626,990.0,990.7,990.35,0.7000000000000455,stressed_market,1768730982.8128371
627,990.3,990.4,990.3499999999999,0.10000000000002274,stressed_market,1768730982.813499
628,989.8,990.9,990.3499999999999,1.1000000000000227,stressed_market,1768730982.8142452
629,989.8,990.4,990.0999999999999,0.6000000000000227,stressed_market,1768730982.814995
630,989.8,990.4,990.0999999999999,0.6000000000000227,stressed_market,1768730982.815967
631,989.5,990.7,990.1,1.2000000000000455,stressed_market,1768730982.8167691
632,988.7,991.5,990.1,2.7999999999999545,stressed_market,1768730982.8175092
633,989.8,990.4,990.0999999999999,0.6000000000000227,stressed_market,1768730982.8181949
634,988.6,991.6,990.1,3.0,stressed_market,1768730982.818917
635,988.6,991.6,990.1,3.0,stressed_market,1768730982.819851
636,989.4,990.8,990.0999999999999,1.3999999999999773,stressed_market,1768730982.820779
637,989.0,991.2,990.1,2.2000000000000455,stressed_market,1768730982.8218482
638,990.1,991.1,990.6,1.0,stressed_market,1768730982.822764
639,990.3,990.9,990.5999999999999,0.6000000000000227,stressed_market,1768730982.823643
640,990.6,990.9,990.75,0.2999999999999545,stressed_market,1768730982.8246589
641,990.7,991.65,991.175,0.9499999999999318,stressed_market,1768730982.825568
642,990.9,991.4,991.15,0.5,stressed_market,1768730982.8263512
643,990.9,991.4,991.15,0.5,stressed_market,1768730982.8272698
644,990.9,991.4,991.15,0.5,stressed_market,1768730982.828428
645,990.7,991.65,991.175,0.9499999999999318,stressed_market,1768730982.829324
646,990.7,991.65,991.175,0.9499999999999318,stressed_market,1768730982.830368
647,990.9,991.4,991.15,0.5,stressed_market,1768730982.831199
648,989.6,991.65,990.625,2.0499999999999545,stressed_market,1768730982.831966
649,990.5,990.6,990.55,0.10000000000002274,stressed_market,1768730982.833069
650,988.4,990.6,989.5,2.2000000000000455,stressed_market,1768730982.834069
651,989.4,989.6,989.5,0.20000000000004547,stressed_market,1768730982.835218
652,989.4,989.6,989.5,0.20000000000004547,stressed_market,1768730982.8366919
653,989.4,989.6,989.5,0.20000000000004547,stressed_market,1768730982.8376582
654,988.6,990.4,989.5,1.7999999999999545,stressed_market,1768730982.8385122
655,988.2,990.8,989.5,2.599999999999909,stressed_market,1768730982.839359
656,989.0,990.0,989.5,1.0,stressed_market,1768730982.84017
657,988.8,990.2,989.5,1.400000000000091,stressed_market,1768730982.841385
658,989.5,991.65,990.575,2.1499999999999773,stressed_market,1768730982.842154
659,990.5,990.7,990.6,0.20000000000004547,stressed_market,1768730982.843133
660,989.2,990.6,989.9000000000001,1.3999999999999773,stressed_market,1768730982.843887
661,988.3,990.6,989.45,2.300000000000068,stressed_market,1768730982.844754
662,989.3,989.6,989.45,0.3000000000000682,stressed_market,1768730982.845836
663,987.2,990.6,988.9000000000001,3.3999999999999773,stressed_market,1768730982.846669
664,987.8,990.0,988.9,2.2000000000000455,stressed_market,1768730982.847383
665,987.8,990.0,988.9,2.2000000000000455,stressed_market,1768730982.8480818
666,987.8,990.0,988.9,2.2000000000000455,stressed_market,1768730982.8488152
667,988.1,989.7,988.9000000000001,1.6000000000000227,stressed_market,1768730982.849492
668,988.5,989.3,988.9,0.7999999999999545,stressed_market,1768730982.850157
669,987.9,989.9,988.9,2.0,stressed_market,1768730982.850875
670,988.6,989.2,988.9000000000001,0.6000000000000227,stressed_market,1768730982.85153
671,985.85,991.65,988.75,5.7999999999999545,stressed_market,1768730982.852257
672,988.6,988.9,988.75,0.2999999999999545,stressed_market,1768730982.853434
673,988.6,988.9,988.75,0.2999999999999545,stressed_market,1768730982.854126
674,988.7,989.4,989.05,0.6999999999999318,stressed_market,1768730982.854783
675,988.7,989.4,989.05,0.6999999999999318,stressed_market,1768730982.855475
676,988.8,989.1,988.95,0.3000000000000682,stressed_market,1768730982.8561769
677,988.7,989.6,989.1500000000001,0.8999999999999773,stressed_market,1768730982.857065
678,987.1,991.2,989.1500000000001,4.100000000000023,stressed_market,1768730982.858099
679,988.9,989.4,989.15,0.5,stressed_market,1768730982.858901
680,988.9,989.4,989.15,0.5,stressed_market,1768730982.859599
681,988.0,990.3,989.15,2.2999999999999545,stressed_market,1768730982.86038
682,988.8,989.5,989.15,0.7000000000000455,stressed_market,1768730982.861301
683,986.8,991.5,989.15,4.7000000000000455,stressed_market,1768730982.862195
684,989.0,989.3,989.15,0.2999999999999545,stressed_market,1768730982.8629289
685,989.0,989.3,989.15,0.2999999999999545,stressed_market,1768730982.863595
686,988.8,989.5,989.15,0.7000000000000455,stressed_market,1768730982.8642392
687,986.9,991.4,989.15,4.5,stressed_market,1768730982.864838
688,988.0,990.3,989.15,2.2999999999999545,stressed_market,1768730982.865449
689,985.85,991.65,988.75,5.7999999999999545,stressed_market,1768730982.8660429
690,988.6,988.8,988.7,0.1999999999999318,stressed_market,1768730982.866633
691,988.7,991.65,990.175,2.949999999999932,stressed_market,1768730982.867255
692,988.8,991.6,990.2,2.800000000000068,stressed_market,1768730982.867875
693,988.7,990.2,989.45,1.5,stressed_market,1768730982.8684852
694,988.6,990.2,989.4000000000001,1.6000000000000227,stressed_market,1768730982.869246
695,990.2,990.3,990.25,0.09999999999990905,stressed_market,1768730982.871437
696,990.2,991.1,990.6500000000001,0.8999999999999773,stressed_market,1768730982.872212
697,990.2,991.1,990.6500000000001,0.8999999999999773,stressed_market,1768730982.8729339
698,990.2,991.65,990.925,1.4499999999999318,stressed_market,1768730982.873584
699,990.2,991.65,990.925,1.4499999999999318,stressed_market,1768730982.8742359
700,990.2,991.65,990.925,1.4499999999999318,stressed_market,1768730982.874965
701,990.9,991.65,991.275,0.75,stressed_market,1768730982.875623
702,990.9,991.3,991.0999999999999,0.39999999999997726,stressed_market,1768730982.876279
703,990.9,991.3,991.0999999999999,0.39999999999997726,stressed_market,1768730982.876926
704,990.9,991.3,991.0999999999999,0.39999999999997726,stressed_market,1768730982.8779619
705,990.9,991.65,991.275,0.75,stressed_market,1768730982.878668
706,991.2,991.4,991.3,0.1999999999999318,stressed_market,1768730982.879352
707,991.1,991.5,991.3,0.39999999999997726,stressed_market,1768730982.880021
708,991.3,991.5,991.4,0.20000000000004547,stressed_market,1768730982.880703
709,991.4,991.65,991.525,0.25,stressed_market,1768730982.881356
710,991.5,991.65,991.575,0.14999999999997726,stressed_market,1768730982.882009
711,991.5,991.65,991.575,0.14999999999997726,stressed_market,1768730982.8826501
712,991.5,991.65,991.575,0.14999999999997726,stressed_market,1768730982.883369
713,991.5,991.65,991.575,0.14999999999997726,stressed_market,1768730982.884068
714,991.3,991.65,991.4749999999999,0.35000000000002274,stressed_market,1768730982.88481
715,991.0,991.65,991.325,0.6499999999999773,stressed_market,1768730982.88554
716,991.0,991.65,991.325,0.6499999999999773,stressed_market,1768730982.886585
717,990.7,991.3,991.0,0.599999999999909,stressed_market,1768730982.8874052
718,991.0,991.3,991.15,0.2999999999999545,stressed_market,1768730982.888103
719,991.0,991.65,991.325,0.6499999999999773,stressed_market,1768730982.889278
720,991.3,991.6,991.45,0.3000000000000682,stressed_market,1768730982.890174
721,990.2,991.65,990.925,1.4499999999999318,stressed_market,1768730982.890881
722,990.9,991.65,991.275,0.75,stressed_market,1768730982.8915782
723,990.9,991.65,991.275,0.75,stressed_market,1768730982.8922482
724,990.9,991.65,991.275,0.75,stressed_market,1768730982.8928902
725,990.9,991.65,991.275,0.75,stressed_market,1768730982.893517
726,990.9,991.65,991.275,0.75,stressed_market,1768730982.894352
727,990.9,991.6,991.25,0.7000000000000455,stressed_market,1768730982.895234
728,990.9,991.6,991.25,0.7000000000000455,stressed_market,1768730982.896058
729,990.9,991.65,991.275,0.75,stressed_market,1768730982.896706
730,990.9,991.3,991.0999999999999,0.39999999999997726,stressed_market,1768730982.897355
731,990.9,991.65,991.275,0.75,stressed_market,1768730982.8981519
732,991.0,991.3,991.15,0.2999999999999545,stressed_market,1768730982.8988018
733,990.2,991.3,990.75,1.099999999999909,stressed_market,1768730982.899422
734,990.3,991.2,990.75,0.900000000000091,stressed_market,1768730982.900095
735,990.3,991.2,990.75,0.900000000000091,stressed_market,1768730982.900749
736,990.2,991.65,990.925,1.4499999999999318,stressed_market,1768730982.9013948
737,990.2,991.65,990.925,1.4499999999999318,stressed_market,1768730982.902029
738,990.2,991.65,990.925,1.4499999999999318,stressed_market,1768730982.902891
739,990.2,991.65,990.925,1.4499999999999318,stressed_market,1768730982.903632
740,990.2,991.65,990.925,1.4499999999999318,stressed_market,1768730982.904254
741,990.2,991.65,990.925,1.4499999999999318,stressed_market,1768730982.904886
742,990.2,990.9,990.55,0.6999999999999318,stressed_market,1768730982.905524
743,990.5,990.9,990.7,0.39999999999997726,stressed_market,1768730982.906141
744,990.5,990.9,990.7,0.39999999999997726,stressed_market,1768730982.9067678
745,990.5,991.65,991.075,1.1499999999999773,stressed_market,1768730982.907396
746,990.2,991.65,990.925,1.4499999999999318,stressed_market,1768730982.907976
747,990.2,991.65,990.925,1.4499999999999318,stressed_market,1768730982.9100852
748,990.2,991.65,990.925,1.4499999999999318,stressed_market,1768730982.911276
749,990.2,991.65,990.925,1.4499999999999318,stressed_market,1768730982.912023
750,990.2,990.9,990.55,0.6999999999999318,stressed_market,1768730982.9127119
751,990.2,992.1,991.1500000000001,1.8999999999999773,stressed_market,1768730982.913527
752,991.1,991.2,991.1500000000001,0.10000000000002274,stressed_market,1768730982.914305
753,991.1,991.2,991.1500000000001,0.10000000000002274,stressed_market,1768730982.91506
754,991.1,991.2,991.1500000000001,0.10000000000002274,stressed_market,1768730982.9157991
755,991.1,991.9,991.5,0.7999999999999545,stressed_market,1768730982.91681
756,991.4,991.6,991.5,0.20000000000004547,stressed_market,1768730982.917582
757,991.4,991.6,991.5,0.20000000000004547,stressed_market,1768730982.9183922
758,990.2,992.8,991.5,2.599999999999909,stressed_market,1768730982.919403
759,990.2,993.1,991.6500000000001,2.8999999999999773,stressed_market,1768730982.9203498
760,990.2,993.1,991.6500000000001,2.8999999999999773,stressed_market,1768730982.9211679
761,991.4,991.9,991.65,0.5,stressed_market,1768730982.922573
762,990.2,996.4,993.3,6.199999999999932,stressed_market,1768730982.923487
763,993.3,993.4,993.3499999999999,0.10000000000002274,stressed_market,1768730982.924233
764,993.3,993.4,993.3499999999999,0.10000000000002274,stressed_market,1768730982.92497
765,993.3,993.5,993.4,0.20000000000004547,stressed_market,1768730982.925678
766,993.3,994.3,993.8,1.0,stressed_market,1768730982.926572
767,993.3,994.3,993.8,1.0,stressed_market,1768730982.927519
768,993.3,993.8,993.55,0.5,stressed_market,1768730982.928669
769,992.1,993.6,992.85,1.5,stressed_market,1768730982.9296372
770,992.0,993.7,992.85,1.7000000000000455,stressed_market,1768730982.930594
771,991.5,994.2,992.85,2.7000000000000455,stressed_market,1768730982.931333
772,992.8,992.9,992.8499999999999,0.10000000000002274,stressed_market,1768730982.932152
773,992.0,992.9,992.45,0.8999999999999773,stressed_market,1768730982.932898
774,991.2,992.9,992.05,1.6999999999999318,stressed_market,1768730982.933621
775,992.0,992.1,992.05,0.10000000000002274,stressed_market,1768730982.9342752
776,990.9,992.1,991.5,1.2000000000000455,stressed_market,1768730982.93504
777,990.2,992.1,991.1500000000001,1.8999999999999773,stressed_market,1768730982.9359748
778,990.2,992.1,991.1500000000001,1.8999999999999773,stressed_market,1768730982.937115
779,991.1,991.2,991.1500000000001,0.10000000000002274,stressed_market,1768730982.938005
780,990.4,991.2,990.8,0.8000000000000682,stressed_market,1768730982.9391801
781,990.2,991.2,990.7,1.0,stressed_market,1768730982.940301
782,990.6,990.8,990.7,0.1999999999999318,stressed_market,1768730982.941327
783,990.2,991.5,990.85,1.2999999999999545,stressed_market,1768730982.942098
784,990.2,991.5,990.85,1.2999999999999545,stressed_market,1768730982.9432871
785,990.2,994.1,992.1500000000001,3.8999999999999773,stressed_market,1768730982.94417
786,990.9,993.4,992.15,2.5,stressed_market,1768730982.945083
787,992.1,992.4,992.25,0.2999999999999545,stressed_market,1768730982.945948
788,992.1,995.6,993.85,3.5,stressed_market,1768730982.9466848
789,992.4,995.3,993.8499999999999,2.8999999999999773,stressed_market,1768730982.947489
790,993.7,994.0,993.85,0.2999999999999545,stressed_market,1768730982.9482481
791,993.7,994.0,993.85,0.2999999999999545,stressed_market,1768730982.949049
792,993.7,994.0,993.85,0.2999999999999545,stressed_market,1768730982.949846
793,991.9,993.9,992.9,2.0,stressed_market,1768730982.950538
794,992.1,993.7,992.9000000000001,1.6000000000000227,stressed_market,1768730982.951218
795,991.2,993.9,992.55,2.699999999999932,stressed_market,1768730982.953832
796,991.4,993.7,992.55,2.300000000000068,stressed_market,1768730982.954871
797,990.2,996.0,993.1,5.7999999999999545,stressed_market,1768730982.955515
798,993.1,996.4,994.75,3.2999999999999545,stressed_market,1768730982.9561741
799,993.1,1000.1,996.6,7.0,stressed_market,1768730982.956791
800,995.7,997.5,996.6,1.7999999999999545,stressed_market,1768730982.957597
801,996.1,997.1,996.6,1.0,stressed_market,1768730982.958293
802,996.4,996.6,996.5,0.20000000000004547,stressed_market,1768730982.958944
803,994.1,996.5,995.3,2.3999999999999773,stressed_market,1768730982.959566
804,994.5,996.1,995.3,1.6000000000000227,stressed_market,1768730982.960222
805,995.2,995.4,995.3,0.1999999999999318,stressed_market,1768730982.961065
806,995.2,995.4,995.3,0.1999999999999318,stressed_market,1768730982.961847
807,995.2,995.4,995.3,0.1999999999999318,stressed_market,1768730982.962542
808,995.2,995.4,995.3,0.1999999999999318,stressed_market,1768730982.963205
809,994.2,996.4,995.3,2.199999999999932,stressed_market,1768730982.963823
810,992.9,995.3,994.0999999999999,2.3999999999999773,stressed_market,1768730982.964454
811,992.7,995.3,994.0,2.599999999999909,stressed_market,1768730982.9654531
812,993.7,994.3,994.0,0.599999999999909,stressed_market,1768730982.966363
813,992.1,995.3,993.7,3.199999999999932,stressed_market,1768730982.9670532
814,995.5,995.7,995.6,0.20000000000004547,stressed_market,1768730982.9693959
815,995.3,997.8,996.55,2.5,stressed_market,1768730982.970281
816,995.3,997.8,996.55,2.5,stressed_market,1768730982.971244
817,995.3,997.8,996.55,2.5,stressed_market,1768730982.972236
818,996.1,997.0,996.55,0.8999999999999773,stressed_market,1768730982.973161
819,995.3,999.1,997.2,3.800000000000068,stressed_market,1768730982.973962
820,996.0,997.2,996.6,1.2000000000000455,stressed_market,1768730982.974646
821,995.3,997.2,996.25,1.900000000000091,stressed_market,1768730982.975341
822,995.3,997.2,996.25,1.900000000000091,stressed_market,1768730982.976168
823,995.8,996.7,996.25,0.900000000000091,stressed_market,1768730982.9769301
824,995.3,997.2,996.25,1.900000000000091,stressed_market,1768730982.9777799
825,995.3,997.2,996.25,1.900000000000091,stressed_market,1768730982.9786692
826,995.3,997.2,996.25,1.900000000000091,stressed_market,1768730982.979703
827,995.3,997.4,996.3499999999999,2.1000000000000227,stressed_market,1768730982.980599
828,996.3,996.5,996.4,0.20000000000004547,stressed_market,1768730982.981589
829,996.3,999.8,998.05,3.5,stressed_market,1768730982.9823098
830,995.3,1000.8,998.05,5.5,stressed_market,1768730982.9831522
831,996.7,999.4,998.05,2.699999999999932,stressed_market,1768730982.9838772
832,997.8,998.3,998.05,0.5,stressed_market,1768730982.984534
833,997.8,998.3,998.05,0.5,stressed_market,1768730982.9852202
834,998.0,999.8,998.9,1.7999999999999545,stressed_market,1768730982.986071
835,998.0,998.9,998.45,0.8999999999999773,stressed_market,1768730982.987039
836,998.0,998.9,998.45,0.8999999999999773,stressed_market,1768730982.987929
837,998.0,998.9,998.45,0.8999999999999773,stressed_market,1768730982.988886
838,997.6,998.9,998.25,1.2999999999999545,stressed_market,1768730982.9896371
839,998.2,998.9,998.55,0.6999999999999318,stressed_market,1768730982.990301
840,998.5,998.7,998.6,0.20000000000004547,stressed_market,1768730982.991006
841,998.5,998.6,998.55,0.10000000000002274,stressed_market,1768730982.991719
842,998.5,998.6,998.55,0.10000000000002274,stressed_market,1768730982.992374
843,998.2,998.6,998.4000000000001,0.39999999999997726,stressed_market,1768730982.9929972
844,998.2,998.6,998.4000000000001,0.39999999999997726,stressed_market,1768730982.993621
845,998.2,998.6,998.4000000000001,0.39999999999997726,stressed_market,1768730982.9943948
846,997.4,998.9,998.15,1.5,stressed_market,1768730982.995114
847,998.1,998.9,998.5,0.7999999999999545,stressed_market,1768730982.995805
848,998.2,998.8,998.5,0.599999999999909,stressed_market,1768730982.9964201
849,996.9,1000.1,998.5,3.2000000000000455,stressed_market,1768730982.9970539
850,997.9,999.1,998.5,1.2000000000000455,stressed_market,1768730982.997675
851,996.8,1000.2,998.5,3.400000000000091,stressed_market,1768730982.9982789
852,996.8,1000.2,998.5,3.400000000000091,stressed_market,1768730982.9988852
853,997.5,999.5,998.5,2.0,stressed_market,1768730982.999563
854,997.5,999.5,998.5,2.0,stressed_market,1768730983.000226
855,998.0,999.0,998.5,1.0,stressed_market,1768730983.00083
856,998.0,999.0,998.5,1.0,stressed_market,1768730983.0014348
857,995.3,1001.9,998.5999999999999,6.600000000000023,stressed_market,1768730983.002039
858,997.1,998.6,997.85,1.5,stressed_market,1768730983.0028002
859,997.0,998.6,997.8,1.6000000000000227,stressed_market,1768730983.003663
860,997.1,998.5,997.8,1.3999999999999773,stressed_market,1768730983.004481
861,997.8,998.5,998.15,0.7000000000000455,stressed_market,1768730983.005256
862,997.3,998.6,997.95,1.3000000000000682,stressed_market,1768730983.0060108
863,997.5,998.4,997.95,0.8999999999999773,stressed_market,1768730983.006793
864,997.2,998.7,997.95,1.5,stressed_market,1768730983.0087638
865,997.4,998.5,997.95,1.1000000000000227,stressed_market,1768730983.0096772
866,997.7,998.2,997.95,0.5,stressed_market,1768730983.010478
867,997.1,998.0,997.55,0.8999999999999773,stressed_market,1768730983.0113971
868,995.5,998.0,996.75,2.5,stressed_market,1768730983.012172
869,996.2,996.8,996.5,0.599999999999909,stressed_market,1768730983.012922
870,995.9,996.8,996.3499999999999,0.8999999999999773,stressed_market,1768730983.013676
871,995.5,996.8,996.15,1.2999999999999545,stressed_market,1768730983.014375
872,995.5,996.8,996.15,1.2999999999999545,stressed_market,1768730983.015112
873,995.3,997.4,996.3499999999999,2.1000000000000227,stressed_market,1768730983.015973
874,995.3,1000.4,997.8499999999999,5.100000000000023,stressed_market,1768730983.016747
875,997.6,998.1,997.85,0.5,stressed_market,1768730983.017503
876,995.5,1000.2,997.85,4.7000000000000455,stressed_market,1768730983.018346
877,997.3,998.4,997.8499999999999,1.1000000000000227,stressed_market,1768730983.019197
878,997.7,998.0,997.85,0.2999999999999545,stressed_market,1768730983.020003
879,997.7,998.0,997.85,0.2999999999999545,stressed_market,1768730983.020703
880,997.8,998.7,998.25,0.900000000000091,stressed_market,1768730983.021525
881,997.8,998.7,998.25,0.900000000000091,stressed_market,1768730983.02238
882,998.2,998.3,998.25,0.09999999999990905,stressed_market,1768730983.023145
883,998.2,998.3,998.25,0.09999999999990905,stressed_market,1768730983.023883
884,998.2,998.3,998.25,0.09999999999990905,stressed_market,1768730983.024572
885,998.2,998.3,998.25,0.09999999999990905,stressed_market,1768730983.025271
886,998.2,998.3,998.25,0.09999999999990905,stressed_market,1768730983.025973
887,998.2,998.3,998.25,0.09999999999990905,stressed_market,1768730983.02671
888,998.2,998.3,998.25,0.09999999999990905,stressed_market,1768730983.0276108
889,998.2,998.3,998.25,0.09999999999990905,stressed_market,1768730983.028446
890,998.2,998.3,998.25,0.09999999999990905,stressed_market,1768730983.0293188
891,998.2,998.3,998.25,0.09999999999990905,stressed_market,1768730983.030142
892,998.2,998.3,998.25,0.09999999999990905,stressed_market,1768730983.030903
893,998.2,998.3,998.25,0.09999999999990905,stressed_market,1768730983.03162
894,998.2,998.4,998.3,0.1999999999999318,stressed_market,1768730983.032332
895,998.2,998.4,998.3,0.1999999999999318,stressed_market,1768730983.033012
896,998.2,999.4,998.8,1.1999999999999318,stressed_market,1768730983.033684
897,998.2,999.6,998.9000000000001,1.3999999999999773,stressed_market,1768730983.03439
898,998.2,1000.2,999.2,2.0,stressed_market,1768730983.035042
899,998.9,999.5,999.2,0.6000000000000227,stressed_market,1768730983.035757
900,998.2,1000.2,999.2,2.0,stressed_market,1768730983.036463
901,998.5,999.2,998.85,0.7000000000000455,stressed_market,1768730983.037141
902,998.8,999.8,999.3,1.0,stressed_market,1768730983.0378351
903,998.8,1000.3,999.55,1.5,stressed_market,1768730983.038562
904,998.8,1000.5,999.65,1.7000000000000455,stressed_market,1768730983.039267
905,998.8,1000.5,999.65,1.7000000000000455,stressed_market,1768730983.040011
906,999.3,1000.0,999.65,0.7000000000000455,stressed_market,1768730983.0406919
907,999.3,1000.0,999.65,0.7000000000000455,stressed_market,1768730983.0413718
908,999.6,1000.1,999.85,0.5,stressed_market,1768730983.042124
909,999.6,1000.2,999.9000000000001,0.6000000000000227,stressed_market,1768730983.042814
910,999.7,1000.1,999.9000000000001,0.39999999999997726,stressed_market,1768730983.0435
911,999.7,1000.1,999.9000000000001,0.39999999999997726,stressed_market,1768730983.044223
912,999.6,1001.6,1000.6,2.0,stressed_market,1768730983.04499
913,999.9,1001.3,1000.5999999999999,1.3999999999999773,stressed_market,1768730983.045778
914,999.7,1001.5,1000.6,1.7999999999999545,stressed_market,1768730983.046489
915,1000.4,1000.8,1000.5999999999999,0.39999999999997726,stressed_market,1768730983.047196
916,999.7,1001.5,1000.6,1.7999999999999545,stressed_market,1768730983.047977
917,999.6,1002.1,1000.85,2.5,stressed_market,1768730983.048656
918,999.6,1002.99,1001.2950000000001,3.3899999999999864,stressed_market,1768730983.04931
919,1000.6,1002.0,1001.3,1.3999999999999773,stressed_market,1768730983.049983
920,1000.4,1002.2,1001.3,1.8000000000000682,stressed_market,1768730983.0506701
921,997.9,1002.99,1000.4449999999999,5.090000000000032,stressed_market,1768730983.051323
922,999.7,1000.4,1000.05,0.6999999999999318,stressed_market,1768730983.052099
923,997.6,1002.5,1000.05,4.899999999999977,stressed_market,1768730983.053113
924,996.3,1002.99,999.645,6.690000000000055,stressed_market,1768730983.053872
925,999.5,999.8,999.65,0.2999999999999545,stressed_market,1768730983.054579
926,999.3,999.7,999.5,0.40000000000009095,stressed_market,1768730983.055265
927,999.0,999.7,999.35,0.7000000000000455,stressed_market,1768730983.057409
928,999.0,1000.0,999.5,1.0,stressed_market,1768730983.058244
929,999.2,999.8,999.5,0.599999999999909,stressed_market,1768730983.05893
930,999.0,1000.0,999.5,1.0,stressed_market,1768730983.059566
931,999.1,999.9,999.5,0.7999999999999545,stressed_market,1768730983.060212
932,999.5,1002.8,1001.15,3.2999999999999545,stressed_market,1768730983.061009
933,999.5,1002.9,1001.2,3.3999999999999773,stressed_market,1768730983.0617878
934,1000.0,1002.4,1001.2,2.3999999999999773,stressed_market,1768730983.062455
935,1000.0,1002.4,1001.2,2.3999999999999773,stressed_market,1768730983.063113
936,1001.1,1001.3,1001.2,0.1999999999999318,stressed_market,1768730983.0642009
937,1001.2,1001.3,1001.25,0.09999999999990905,stressed_market,1768730983.0658329
938,1000.4,1002.1,1001.25,1.7000000000000455,stressed_market,1768730983.0667362
939,1000.4,1001.3,1000.8499999999999,0.8999999999999773,stressed_market,1768730983.067415
940,998.9,1001.3,1000.0999999999999,2.3999999999999773,stressed_market,1768730983.068029
941,999.2,1001.0,1000.1,1.7999999999999545,stressed_market,1768730983.068639
942,1000.1,1000.5,1000.3,0.39999999999997726,stressed_market,1768730983.06959
943,1000.1,1000.3,1000.2,0.1999999999999318,stressed_market,1768730983.070653
944,1000.1,1000.2,1000.1500000000001,0.10000000000002274,stressed_market,1768730983.071371
945,1000.1,1000.2,1000.1500000000001,0.10000000000002274,stressed_market,1768730983.0720682
946,1000.1,1002.99,1001.5450000000001,2.8899999999999864,stressed_market,1768730983.0727198
947,1000.4,1002.7,1001.55,2.300000000000068,stressed_market,1768730983.073339
948,1001.5,1002.0,1001.75,0.5,stressed_market,1768730983.0739698
949,1001.5,1002.0,1001.75,0.5,stressed_market,1768730983.0746298
950,1001.5,1001.8,1001.65,0.2999999999999545,stressed_market,1768730983.075341
951,1001.1,1001.8,1001.45,0.6999999999999318,stressed_market,1768730983.076035
952,1001.4,1001.8,1001.5999999999999,0.39999999999997726,stressed_market,1768730983.0766652
953,1001.4,1002.99,1002.1949999999999,1.5900000000000318,stressed_market,1768730983.077316
954,1002.2,1002.99,1002.595,0.7899999999999636,stressed_market,1768730983.077996
955,1002.2,1002.99,1002.595,0.7899999999999636,stressed_market,1768730983.0786529
956,1002.2,1002.99,1002.595,0.7899999999999636,stressed_market,1768730983.079299
957,1002.2,1002.99,1002.595,0.7899999999999636,stressed_market,1768730983.07992
958,1002.2,1002.99,1002.595,0.7899999999999636,stressed_market,1768730983.080538
959,1002.2,1002.99,1002.595,0.7899999999999636,stressed_market,1768730983.081151
960,1002.2,1002.99,1002.595,0.7899999999999636,stressed_market,1768730983.08178
961,1002.2,1002.99,1002.595,0.7899999999999636,stressed_market,1768730983.082425
962,1002.2,1002.99,1002.595,0.7899999999999636,stressed_market,1768730983.083054
963,1002.2,1002.99,1002.595,0.7899999999999636,stressed_market,1768730983.083769
964,1002.2,1002.99,1002.595,0.7899999999999636,stressed_market,1768730983.0844018
965,1002.2,1002.99,1002.595,0.7899999999999636,stressed_market,1768730983.0850308
966,1002.2,1002.99,1002.595,0.7899999999999636,stressed_market,1768730983.085679
967,1001.2,1002.99,1002.095,1.7899999999999636,stressed_market,1768730983.086522
968,1001.4,1002.8,1002.0999999999999,1.3999999999999773,stressed_market,1768730983.087231
969,1001.3,1002.9,1002.0999999999999,1.6000000000000227,stressed_market,1768730983.08785
970,1000.8,1002.1,1001.45,1.3000000000000682,stressed_market,1768730983.088452
971,1001.2,1001.7,1001.45,0.5,stressed_market,1768730983.08907
972,1001.0,1001.9,1001.45,0.8999999999999773,stressed_market,1768730983.089704
973,1001.4,1001.5,1001.45,0.10000000000002274,stressed_market,1768730983.090336
974,996.4,1001.5,998.95,5.100000000000023,stressed_market,1768730983.090951
975,998.3,999.0,998.65,0.7000000000000455,stressed_market,1768730983.091593
976,998.6,998.7,998.6500000000001,0.10000000000002274,stressed_market,1768730983.092264
977,998.6,999.0,998.8,0.39999999999997726,stressed_market,1768730983.0929751
978,998.6,1000.0,999.3,1.3999999999999773,stressed_market,1768730983.0936298
979,998.6,1002.3,1000.45,3.699999999999932,stressed_market,1768730983.094348
980,999.9,1001.0,1000.45,1.1000000000000227,stressed_market,1768730983.09501
981,999.9,1001.0,1000.45,1.1000000000000227,stressed_market,1768730983.09567
982,999.9,1001.0,1000.45,1.1000000000000227,stressed_market,1768730983.096301
983,998.6,1002.3,1000.45,3.699999999999932,stressed_market,1768730983.0969129
984,1000.4,1001.1,1000.75,0.7000000000000455,stressed_market,1768730983.097565
985,1000.7,1002.7,1001.7,2.0,stressed_market,1768730983.0982091
986,999.2,1002.99,1001.095,3.7899999999999636,stressed_market,1768730983.098846
987,1000.5,1001.7,1001.1,1.2000000000000455,stressed_market,1768730983.099581
988,999.3,1002.9,1001.0999999999999,3.6000000000000227,stressed_market,1768730983.1002262
989,1001.1,1002.7,1001.9000000000001,1.6000000000000227,stressed_market,1768730983.10087
990,1001.1,1002.99,1002.0450000000001,1.8899999999999864,stressed_market,1768730983.101516
991,1001.4,1002.7,1002.05,1.3000000000000682,stressed_market,1768730983.102156
992,999.7,1002.99,1001.345,3.2899999999999636,stressed_market,1768730983.104213
993,999.7,1001.3,1000.5,1.599999999999909,stressed_market,1768730983.105043
994,1000.5,1001.3,1000.9,0.7999999999999545,stressed_market,1768730983.1057112
995,1000.5,1001.3,1000.9,0.7999999999999545,stressed_market,1768730983.106358
996,1000.3,1001.3,1000.8,1.0,stressed_market,1768730983.107216
997,999.1,1002.5,1000.8,3.3999999999999773,stressed_market,1768730983.107913
998,999.1,1002.5,1000.8,3.3999999999999773,stressed_market,1768730983.1085281
999,997.8,1002.99,1000.395,5.190000000000055,stressed_market,1768730983.1091452
1000,999.6,1001.2,1000.4000000000001,1.6000000000000227,stressed_market,1768730983.109717
1001,998.6,1002.2,1000.4000000000001,3.6000000000000227,stressed_market,1768730983.110568
1002,998.3,1002.5,1000.4,4.2000000000000455,stressed_market,1768730983.1112509
1003,998.2,1002.6,1000.4000000000001,4.399999999999977,stressed_market,1768730983.111878
1004,998.8,1002.0,1000.4,3.2000000000000455,stressed_market,1768730983.112514
1005,997.5,1000.4,998.95,2.8999999999999773,stressed_market,1768730983.113119
1006,998.9,1000.4,999.65,1.5,stressed_market,1768730983.113896
1007,998.9,1000.9,999.9,2.0,stressed_market,1768730983.114591
1008,999.6,1000.2,999.9000000000001,0.6000000000000227,stressed_market,1768730983.115297
1009,997.8,1002.0,999.9,4.2000000000000455,stressed_market,1768730983.115905
1010,999.9,1001.9,1000.9,2.0,stressed_market,1768730983.116531
1011,999.9,1002.8,1001.3499999999999,2.8999999999999773,stressed_market,1768730983.1174269
1012,1000.8,1001.9,1001.3499999999999,1.1000000000000227,stressed_market,1768730983.118489
1013,1001.2,1001.4,1001.3,0.1999999999999318,stressed_market,1768730983.1196449
1014,1001.2,1001.4,1001.3,0.1999999999999318,stressed_market,1768730983.1205351
1015,1001.0,1001.6,1001.3,0.6000000000000227,stressed_market,1768730983.1212559
1016,1001.3,1002.99,1002.145,1.6900000000000546,stressed_market,1768730983.12199
1017,1001.1,1002.99,1002.0450000000001,1.8899999999999864,stressed_market,1768730983.122714
1018,1000.6,1002.99,1001.7950000000001,2.3899999999999864,stressed_market,1768730983.123451
1019,1000.2,1002.99,1001.595,2.7899999999999636,stressed_market,1768730983.1241422
1020,1000.4,1002.8,1001.5999999999999,2.3999999999999773,stressed_market,1768730983.124803
1021,1000.6,1001.6,1001.1,1.0,stressed_market,1768730983.1254961
1022,1000.9,1001.3,1001.0999999999999,0.39999999999997726,stressed_market,1768730983.12615
1023,999.3,1001.6,1000.45,2.300000000000068,stressed_market,1768730983.126826
1024,997.4,1001.6,999.5,4.2000000000000455,stressed_market,1768730983.127651
1025,998.9,999.5,999.2,0.6000000000000227,stressed_market,1768730983.1283891
1026,998.6,999.2,998.9000000000001,0.6000000000000227,stressed_market,1768730983.1290581
1027,998.6,999.2,998.9000000000001,0.6000000000000227,stressed_market,1768730983.1297688
1028,997.9,999.2,998.55,1.3000000000000682,stressed_market,1768730983.130465
1029,998.3,998.8,998.55,0.5,stressed_market,1768730983.1311061
1030,998.3,998.8,998.55,0.5,stressed_market,1768730983.131763
1031,998.3,998.8,998.55,0.5,stressed_market,1768730983.13242
1032,998.4,998.6,998.5,0.20000000000004547,stressed_market,1768730983.1331048
1033,998.4,998.7,998.55,0.3000000000000682,stressed_market,1768730983.133791
1034,998.4,998.7,998.55,0.3000000000000682,stressed_market,1768730983.134482
1035,998.1,999.0,998.55,0.8999999999999773,stressed_market,1768730983.135114
1036,998.1,998.6,998.35,0.5,stressed_market,1768730983.1358662
1037,996.9,998.6,997.75,1.7000000000000455,stressed_market,1768730983.136519
1038,997.6,997.9,997.75,0.2999999999999545,stressed_market,1768730983.137146
1039,997.5,998.0,997.75,0.5,stressed_market,1768730983.1377568
1040,996.3,999.2,997.75,2.900000000000091,stressed_market,1768730983.1384268
1041,996.9,998.6,997.75,1.7000000000000455,stressed_market,1768730983.139123
1042,997.5,998.0,997.75,0.5,stressed_market,1768730983.1397529
1043,997.5,998.0,997.75,0.5,stressed_market,1768730983.14039
1044,996.2,999.3,997.75,3.099999999999909,stressed_market,1768730983.141053
1045,996.2,997.8,997.0,1.599999999999909,stressed_market,1768730983.14171
1046,995.3,997.8,996.55,2.5,stressed_market,1768730983.1423712
1047,995.3,997.8,996.55,2.5,stressed_market,1768730983.143007
1048,995.3,997.8,996.55,2.5,stressed_market,1768730983.143617
1049,995.3,998.2,996.75,2.900000000000091,stressed_market,1768730983.144541
1050,995.4,998.1,996.75,2.7000000000000455,stressed_market,1768730983.1453152
1051,995.4,998.1,996.75,2.7000000000000455,stressed_market,1768730983.1459851
1052,996.2,997.3,996.75,1.099999999999909,stressed_market,1768730983.146613
1053,996.4,997.1,996.75,0.7000000000000455,stressed_market,1768730983.1472409
1054,996.4,997.1,996.75,0.7000000000000455,stressed_market,1768730983.147882
1055,995.9,997.6,996.75,1.7000000000000455,stressed_market,1768730983.148541
1056,996.7,996.8,996.75,0.09999999999990905,stressed_market,1768730983.149296
1057,996.7,996.8,996.75,0.09999999999990905,stressed_market,1768730983.150049
1058,995.5,996.8,996.15,1.2999999999999545,stressed_market,1768730983.150901
1059,995.9,996.2,996.05,0.3000000000000682,stressed_market,1768730983.151692
1060,995.3,996.2,995.75,0.900000000000091,stressed_market,1768730983.152548
1061,995.7,996.2,995.95,0.5,stressed_market,1768730983.153718
1062,995.7,996.2,995.95,0.5,stressed_market,1768730983.154526
1063,995.7,996.2,995.95,0.5,stressed_market,1768730983.155329
1064,995.7,996.2,995.95,0.5,stressed_market,1768730983.156071
1065,995.7,996.2,995.95,0.5,stressed_market,1768730983.156838
1066,995.7,996.2,995.95,0.5,stressed_market,1768730983.157645
1067,995.3,996.2,995.75,0.900000000000091,stressed_market,1768730983.1583512
1068,995.3,996.2,995.75,0.900000000000091,stressed_market,1768730983.159082
1069,995.3,995.8,995.55,0.5,stressed_market,1768730983.159847
1070,995.5,995.7,995.6,0.20000000000004547,stressed_market,1768730983.1605802
1071,995.3,995.8,995.55,0.5,stressed_market,1768730983.1615412
1072,995.3,995.6,995.45,0.3000000000000682,stressed_market,1768730983.162292
1073,995.4,995.6,995.5,0.20000000000004547,stressed_market,1768730983.163063
1074,995.5,995.6,995.55,0.10000000000002274,stressed_market,1768730983.163848
1075,995.3,995.6,995.45,0.3000000000000682,stressed_market,1768730983.164543
1076,995.3,995.6,995.45,0.3000000000000682,stressed_market,1768730983.165226
1077,995.3,995.6,995.45,0.3000000000000682,stressed_market,1768730983.165942
1078,995.3,995.6,995.45,0.3000000000000682,stressed_market,1768730983.166635
1079,995.4,995.6,995.5,0.20000000000004547,stressed_market,1768730983.167726
1080,995.4,995.6,995.5,0.20000000000004547,stressed_market,1768730983.1686678
1081,995.4,995.6,995.5,0.20000000000004547,stressed_market,1768730983.1697202
1082,995.3,995.6,995.45,0.3000000000000682,stressed_market,1768730983.170502
1083,995.3,995.6,995.45,0.3000000000000682,stressed_market,1768730983.171247
1084,995.3,998.7,997.0,3.400000000000091,stressed_market,1768730983.171913
1085,995.6,998.4,997.0,2.7999999999999545,stressed_market,1768730983.173697
1086,995.8,998.2,997.0,2.400000000000091,stressed_market,1768730983.1744561
1087,995.3,997.0,996.15,1.7000000000000455,stressed_market,1768730983.175374
1088,995.7,996.6,996.1500000000001,0.8999999999999773,stressed_market,1768730983.1762938
1089,995.4,996.9,996.15,1.5,stressed_market,1768730983.177174
1090,995.4,996.9,996.15,1.5,stressed_market,1768730983.178059
1091,995.4,996.9,996.15,1.5,stressed_market,1768730983.179002
1092,995.4,996.9,996.15,1.5,stressed_market,1768730983.179785
1093,995.7,996.6,996.1500000000001,0.8999999999999773,stressed_market,1768730983.180747
1094,996.0,996.3,996.15,0.2999999999999545,stressed_market,1768730983.181539
1095,995.8,996.5,996.15,0.7000000000000455,stressed_market,1768730983.182365
1096,995.3,997.7,996.5,2.400000000000091,stressed_market,1768730983.183501
1097,995.9,997.1,996.5,1.2000000000000455,stressed_market,1768730983.1843462
1098,995.5,996.5,996.0,1.0,stressed_market,1768730983.185109
1099,995.3,996.5,995.9,1.2000000000000455,stressed_market,1768730983.186107
1100,995.3,996.5,995.9,1.2000000000000455,stressed_market,1768730983.18695
1101,995.3,996.5,995.9,1.2000000000000455,stressed_market,1768730983.187786
1102,995.3,995.9,995.5999999999999,0.6000000000000227,stressed_market,1768730983.188786
1103,995.3,998.0,996.65,2.7000000000000455,stressed_market,1768730983.189745
1104,996.4,996.9,996.65,0.5,stressed_market,1768730983.19076
1105,996.6,996.9,996.75,0.2999999999999545,stressed_market,1768730983.191682
1106,996.6,996.8,996.7,0.1999999999999318,stressed_market,1768730983.192489
1107,996.6,996.8,996.7,0.1999999999999318,stressed_market,1768730983.19329
1108,996.5,996.8,996.65,0.2999999999999545,stressed_market,1768730983.1940439
1109,996.5,996.8,996.65,0.2999999999999545,stressed_market,1768730983.1947782
1110,995.3,996.8,996.05,1.5,stressed_market,1768730983.195456
1111,995.9,996.2,996.05,0.3000000000000682,stressed_market,1768730983.196186
1112,996.0,996.7,996.35,0.7000000000000455,stressed_market,1768730983.196924
1113,996.0,997.6,996.8,1.6000000000000227,stressed_market,1768730983.19767
1114,996.0,996.8,996.4,0.7999999999999545,stressed_market,1768730983.1986592
1115,995.3,996.8,996.05,1.5,stressed_market,1768730983.199424
1116,995.3,996.8,996.05,1.5,stressed_market,1768730983.200091
1117,995.3,996.8,996.05,1.5,stressed_market,1768730983.2007492
1118,996.0,996.2,996.1,0.20000000000004547,stressed_market,1768730983.2014458
1119,996.0,996.2,996.1,0.20000000000004547,stressed_market,1768730983.202115
1120,995.3,996.1,995.7,0.8000000000000682,stressed_market,1768730983.202935
1121,995.3,998.2,996.75,2.900000000000091,stressed_market,1768730983.203711
1122,996.6,996.9,996.75,0.2999999999999545,stressed_market,1768730983.204417
1123,995.3,998.3,996.8,3.0,stressed_market,1768730983.205112
1124,995.4,998.2,996.8,2.800000000000068,stressed_market,1768730983.205805
1125,995.4,998.2,996.8,2.800000000000068,stressed_market,1768730983.206723
1126,996.8,997.7,997.25,0.900000000000091,stressed_market,1768730983.207511
1127,997.0,997.5,997.25,0.5,stressed_market,1768730983.208151
1128,997.2,997.4,997.3,0.1999999999999318,stressed_market,1768730983.2087839
1129,997.2,997.4,997.3,0.1999999999999318,stressed_market,1768730983.209443
1130,995.3,999.3,997.3,4.0,stressed_market,1768730983.210083
1131,997.3,999.0,998.15,1.7000000000000455,stressed_market,1768730983.2109
1132,997.3,999.1,998.2,1.8000000000000682,stressed_market,1768730983.211583
1133,997.3,999.4,998.3499999999999,2.1000000000000227,stressed_market,1768730983.212254
1134,997.3,999.6,998.45,2.300000000000068,stressed_market,1768730983.212957
1135,997.4,999.5,998.45,2.1000000000000227,stressed_market,1768730983.21362
1136,997.4,999.5,998.45,2.1000000000000227,stressed_market,1768730983.214282
1137,997.4,999.5,998.45,2.1000000000000227,stressed_market,1768730983.215147
1138,997.7,998.5,998.1,0.7999999999999545,stressed_market,1768730983.215863
1139,997.8,998.4,998.0999999999999,0.6000000000000227,stressed_market,1768730983.216502
1140,998.1,999.6,998.85,1.5,stressed_market,1768730983.2171211
1141,998.1,999.6,998.85,1.5,stressed_market,1768730983.217757
1142,998.1,1000.2,999.1500000000001,2.1000000000000227,stressed_market,1768730983.218435
1143,999.1,999.3,999.2,0.1999999999999318,stressed_market,1768730983.2191339
1144,998.1,1000.3,999.2,2.199999999999932,stressed_market,1768730983.219892
1145,999.2,999.3,999.25,0.09999999999990905,stressed_market,1768730983.2205598
1146,999.2,1001.7,1000.45,2.5,stressed_market,1768730983.221204
1147,998.9,1002.0,1000.45,3.1000000000000227,stressed_market,1768730983.221874
1148,998.9,1002.0,1000.45,3.1000000000000227,stressed_market,1768730983.222559
1149,1000.4,1000.8,1000.5999999999999,0.39999999999997726,stressed_market,1768730983.2234838
1150,1000.5,1000.7,1000.6,0.20000000000004547,stressed_market,1768730983.224297
1151,1000.5,1000.6,1000.55,0.10000000000002274,stressed_market,1768730983.2249348
1152,1000.4,1000.6,1000.5,0.20000000000004547,stressed_market,1768730983.225572
1153,1000.4,1001.9,1001.15,1.5,stressed_market,1768730983.226203
1154,1001.1,1001.2,1001.1500000000001,0.10000000000002274,stressed_market,1768730983.226846
1155,1001.1,1001.2,1001.1500000000001,0.10000000000002274,stressed_market,1768730983.22779
1156,1001.1,1001.2,1001.1500000000001,0.10000000000002274,stressed_market,1768730983.228538
1157,1001.1,1001.5,1001.3,0.39999999999997726,stressed_market,1768730983.2292101
1158,1001.3,1002.51,1001.905,1.2100000000000364,stressed_market,1768730983.229867
1159,1001.3,1002.51,1001.905,1.2100000000000364,stressed_market,1768730983.2305322
1160,1001.2,1002.51,1001.855,1.3099999999999454,stressed_market,1768730983.231248
1161,1001.8,1002.0,1001.9,0.20000000000004547,stressed_market,1768730983.23206
1162,1001.2,1002.51,1001.855,1.3099999999999454,stressed_market,1768730983.232886
1163,1001.7,1002.0,1001.85,0.2999999999999545,stressed_market,1768730983.2335732
1164,1001.7,1002.0,1001.85,0.2999999999999545,stressed_market,1768730983.234252
1165,1001.5,1002.2,1001.85,0.7000000000000455,stressed_market,1768730983.234949
1166,1001.6,1002.1,1001.85,0.5,stressed_market,1768730983.235651
1167,1000.5,1002.51,1001.505,2.009999999999991,stressed_market,1768730983.236373
1168,1001.1,1001.9,1001.5,0.7999999999999545,stressed_market,1768730983.2371058
1169,1001.1,1001.9,1001.5,0.7999999999999545,stressed_market,1768730983.237889
1170,1001.1,1001.9,1001.5,0.7999999999999545,stressed_market,1768730983.238718
1171,999.5,1002.51,1001.005,3.009999999999991,stressed_market,1768730983.239552
1172,999.8,1001.0,1000.4,1.2000000000000455,stressed_market,1768730983.240473
1173,1000.2,1000.6,1000.4000000000001,0.39999999999997726,stressed_market,1768730983.241366
1174,999.9,1000.4,1000.15,0.5,stressed_market,1768730983.242242
1175,999.2,1000.4,999.8,1.1999999999999318,stressed_market,1768730983.2430038
1176,998.9,1000.7,999.8,1.8000000000000682,stressed_market,1768730983.243711
1177,999.0,1000.6,999.8,1.6000000000000227,stressed_market,1768730983.2444952
1178,999.8,1000.1,999.95,0.3000000000000682,stressed_market,1768730983.2451851
1179,999.9,1000.6,1000.25,0.7000000000000455,stressed_market,1768730983.245904
1180,999.8,1000.6,1000.2,0.8000000000000682,stressed_market,1768730983.2466078
1181,999.8,1001.7,1000.75,1.900000000000091,stressed_market,1768730983.247299
1182,999.8,1002.51,1001.155,2.7100000000000364,stressed_market,1768730983.248066
1183,999.8,1002.99,1001.395,3.1900000000000546,stressed_market,1768730983.248975
1184,997.5,1002.99,1000.245,5.490000000000009,stressed_market,1768730983.249747
1185,1000.2,1001.4,1000.8,1.1999999999999318,stressed_market,1768730983.252036
1186,1000.7,1000.9,1000.8,0.1999999999999318,stressed_market,1768730983.252855
1187,1000.8,1000.9,1000.8499999999999,0.10000000000002274,stressed_market,1768730983.2538428
1188,1000.8,1001.4,1001.0999999999999,0.6000000000000227,stressed_market,1768730983.254925
1189,1000.8,1002.2,1001.5,1.400000000000091,stressed_market,1768730983.2559721
1190,1000.8,1002.2,1001.5,1.400000000000091,stressed_market,1768730983.2569149
1191,1000.8,1002.2,1001.5,1.400000000000091,stressed_market,1768730983.257684
1192,1001.4,1001.5,1001.45,0.10000000000002274,stressed_market,1768730983.258487
1193,1001.2,1001.7,1001.45,0.5,stressed_market,1768730983.259233
1194,1000.9,1002.0,1001.45,1.1000000000000227,stressed_market,1768730983.2599092
1195,1000.9,1002.0,1001.45,1.1000000000000227,stressed_market,1768730983.261058
1196,1001.3,1001.6,1001.45,0.3000000000000682,stressed_market,1768730983.2618518
1197,1001.3,1001.6,1001.45,0.3000000000000682,stressed_market,1768730983.2625558
1198,1001.3,1001.6,1001.45,0.3000000000000682,stressed_market,1768730983.263202
1199,1000.2,1001.5,1000.85,1.2999999999999545,stressed_market,1768730983.26387
1200,1000.2,1001.5,1000.85,1.2999999999999545,stressed_market,1768730983.2645278
1201,1000.7,1001.0,1000.85,0.2999999999999545,stressed_market,1768730983.265225
1202,1000.4,1001.3,1000.8499999999999,0.8999999999999773,stressed_market,1768730983.265915
1203,997.1,1002.99,1000.0450000000001,5.889999999999986,stressed_market,1768730983.266602
1204,997.6,1002.5,1000.05,4.899999999999977,stressed_market,1768730983.267267
1205,997.2,1002.9,1000.05,5.699999999999932,stressed_market,1768730983.267937
1206,999.3,1000.8,1000.05,1.5,stressed_market,1768730983.2686028
1207,999.7,1000.4,1000.05,0.6999999999999318,stressed_market,1768730983.2692952
1208,996.6,1002.99,999.7950000000001,6.389999999999986,stressed_market,1768730983.270168
1209,998.4,1001.2,999.8,2.800000000000068,stressed_market,1768730983.2708638
1210,998.9,1000.7,999.8,1.8000000000000682,stressed_market,1768730983.2717109
1211,997.1,1002.5,999.8,5.399999999999977,stressed_market,1768730983.272635
1212,998.4,1001.2,999.8,2.800000000000068,stressed_market,1768730983.273493
1213,999.6,1000.0,999.8,0.39999999999997726,stressed_market,1768730983.2743292
1214,999.8,1000.5,1000.15,0.7000000000000455,stressed_market,1768730983.275041
1215,998.8,1001.5,1000.15,2.7000000000000455,stressed_market,1768730983.275671
1216,999.5,1000.8,1000.15,1.2999999999999545,stressed_market,1768730983.2762802
1217,996.9,1000.2,998.55,3.300000000000068,stressed_market,1768730983.276971
1218,997.5,999.6,998.55,2.1000000000000227,stressed_market,1768730983.277771
1219,998.3,998.8,998.55,0.5,stressed_market,1768730983.2785149
1220,998.3,998.8,998.55,0.5,stressed_market,1768730983.279405
1221,998.5,998.7,998.6,0.20000000000004547,stressed_market,1768730983.28028
1222,998.5,998.7,998.6,0.20000000000004547,stressed_market,1768730983.281065
1223,998.5,998.7,998.6,0.20000000000004547,stressed_market,1768730983.2817879
1224,997.6,999.6,998.6,2.0,stressed_market,1768730983.28255
1225,997.6,998.6,998.1,1.0,stressed_market,1768730983.283373
1226,995.3,998.6,996.95,3.300000000000068,stressed_market,1768730983.284242
1227,996.9,998.4,997.65,1.5,stressed_market,1768730983.285113
1228,997.5,997.8,997.65,0.2999999999999545,stressed_market,1768730983.28606
1229,995.6,998.6,997.1,3.0,stressed_market,1768730983.286905
1230,996.2,998.0,997.1,1.7999999999999545,stressed_market,1768730983.287644
1231,996.2,998.0,997.1,1.7999999999999545,stressed_market,1768730983.288345
1232,997.1,997.9,997.5,0.7999999999999545,stressed_market,1768730983.289088
1233,997.1,997.9,997.5,0.7999999999999545,stressed_market,1768730983.289904
1234,997.1,997.9,997.5,0.7999999999999545,stressed_market,1768730983.2908008
1235,997.1,999.0,998.05,1.8999999999999773,stressed_market,1768730983.29154
1236,998.0,998.9,998.45,0.8999999999999773,stressed_market,1768730983.292732
1237,998.0,999.8,998.9,1.7999999999999545,stressed_market,1768730983.2939
1238,998.1,999.7,998.9000000000001,1.6000000000000227,stressed_market,1768730983.296344
1239,998.1,998.9,998.5,0.7999999999999545,stressed_market,1768730983.2973928
1240,995.5,1001.5,998.5,6.0,stressed_market,1768730983.2981749
1241,995.7,1001.3,998.5,5.599999999999909,stressed_market,1768730983.2991629
1242,997.9,999.1,998.5,1.2000000000000455,stressed_market,1768730983.300042
1243,996.6,998.5,997.55,1.8999999999999773,stressed_market,1768730983.300928
1244,997.0,998.1,997.55,1.1000000000000227,stressed_market,1768730983.301753
1245,995.3,999.8,997.55,4.5,stressed_market,1768730983.3025029
1246,995.3,1000.6,997.95,5.300000000000068,stressed_market,1768730983.3038452
1247,997.3,998.6,997.95,1.3000000000000682,stressed_market,1768730983.305344
1248,996.0,999.9,997.95,3.8999999999999773,stressed_market,1768730983.306371
1249,996.1,999.8,997.95,3.699999999999932,stressed_market,1768730983.307272
1250,996.1,999.8,997.95,3.699999999999932,stressed_market,1768730983.308007
1251,996.4,999.5,997.95,3.1000000000000227,stressed_market,1768730983.308888
1252,997.9,1000.0,998.95,2.1000000000000227,stressed_market,1768730983.309854
1253,997.9,1000.0,998.95,2.1000000000000227,stressed_market,1768730983.3107479
1254,997.0,1000.0,998.5,3.0,stressed_market,1768730983.312159
1255,995.8,1000.1,997.95,4.300000000000068,stressed_market,1768730983.313045
1256,995.3,1002.4,998.8499999999999,7.100000000000023,stressed_market,1768730983.314008
1257,997.7,1000.0,998.85,2.2999999999999545,stressed_market,1768730983.314959
1258,998.3,999.4,998.8499999999999,1.1000000000000227,stressed_market,1768730983.3161201
1259,998.3,998.9,998.5999999999999,0.6000000000000227,stressed_market,1768730983.3172731
1260,998.3,999.4,998.8499999999999,1.1000000000000227,stressed_market,1768730983.318402
1261,997.9,999.8,998.8499999999999,1.8999999999999773,stressed_market,1768730983.3199942
1262,998.2,998.9,998.55,0.6999999999999318,stressed_market,1768730983.32078
1263,996.5,998.9,997.7,2.3999999999999773,stressed_market,1768730983.321543
1264,996.4,999.0,997.7,2.6000000000000227,stressed_market,1768730983.322281
1265,997.0,998.4,997.7,1.3999999999999773,stressed_market,1768730983.3231502
1266,997.2,997.7,997.45,0.5,stressed_market,1768730983.323963
1267,997.2,997.7,997.45,0.5,stressed_market,1768730983.324769
1268,997.2,997.5,997.35,0.2999999999999545,stressed_market,1768730983.325574
1269,996.5,997.5,997.0,1.0,stressed_market,1768730983.326306
1270,997.0,997.5,997.25,0.5,stressed_market,1768730983.326984
1271,995.3,997.3,996.3,2.0,stressed_market,1768730983.328042
1272,996.1,996.5,996.3,0.39999999999997726,stressed_market,1768730983.328865
1273,996.1,996.5,996.3,0.39999999999997726,stressed_market,1768730983.3295722
1274,995.3,998.9,997.0999999999999,3.6000000000000227,stressed_market,1768730983.330406
1275,997.1,998.7,997.9000000000001,1.6000000000000227,stressed_market,1768730983.3312519
1276,997.8,998.0,997.9,0.20000000000004547,stressed_market,1768730983.3320699
1277,997.9,998.0,997.95,0.10000000000002274,stressed_market,1768730983.332999
1278,997.1,999.2,998.1500000000001,2.1000000000000227,stressed_market,1768730983.33409
1279,997.8,998.5,998.15,0.7000000000000455,stressed_market,1768730983.334954
1280,997.1,999.2,998.1500000000001,2.1000000000000227,stressed_market,1768730983.335773
1281,998.1,1000.1,999.1,2.0,stressed_market,1768730983.3369
1282,998.1,1001.7,999.9000000000001,3.6000000000000227,stressed_market,1768730983.3381078
1283,999.3,1000.5,999.9,1.2000000000000455,stressed_market,1768730983.3393269
1284,999.4,1000.4,999.9,1.0,stressed_market,1768730983.340458
1285,999.9,1000.4,1000.15,0.5,stressed_market,1768730983.341366
1286,999.9,1000.4,1000.15,0.5,stressed_market,1768730983.342243
1287,999.9,1002.99,1001.4449999999999,3.090000000000032,stressed_market,1768730983.343049
1288,1000.7,1002.1,1001.4000000000001,1.3999999999999773,stressed_market,1768730983.343828
1289,1000.7,1002.1,1001.4000000000001,1.3999999999999773,stressed_market,1768730983.345091
1290,1001.2,1001.6,1001.4000000000001,0.39999999999997726,stressed_market,1768730983.3460102
1291,999.7,1001.4,1000.55,1.6999999999999318,stressed_market,1768730983.346875
1292,1000.3,1000.8,1000.55,0.5,stressed_market,1768730983.34771
1293,1000.4,1000.7,1000.55,0.3000000000000682,stressed_market,1768730983.348885
1294,1000.5,1000.7,1000.6,0.20000000000004547,stressed_market,1768730983.349679
1295,1000.3,1000.8,1000.55,0.5,stressed_market,1768730983.3504698
1296,1000.5,1001.3,1000.9,0.7999999999999545,stressed_market,1768730983.3514612
1297,1000.4,1001.4,1000.9,1.0,stressed_market,1768730983.352432
1298,1000.4,1000.9,1000.65,0.5,stressed_market,1768730983.3532228
1299,1000.4,1000.9,1000.65,0.5,stressed_market,1768730983.354298
1300,1000.3,1000.9,1000.5999999999999,0.6000000000000227,stressed_market,1768730983.355222
