step,bid,ask,mid,spread,scenario,timestamp
0,0.0,0.0,0,0.0,hft_dominated,1768731038.016563
1,999.7,1000.3,1000.0,0.599999999999909,hft_dominated,1768731038.01997
2,999.5,1000.29,999.895,0.7899999999999636,hft_dominated,1768731038.023065
3,999.5,999.9,999.7,0.39999999999997726,hft_dominated,1768731038.023766
4,999.5,999.9,999.7,0.39999999999997726,hft_dominated,1768731038.024283
5,999.6,999.8,999.7,0.1999999999999318,hft_dominated,1768731038.0247521
6,999.6,999.8,999.7,0.1999999999999318,hft_dominated,1768731038.025159
7,999.7,999.8,999.75,0.09999999999990905,hft_dominated,1768731038.025592
8,999.7,999.9,999.8,0.1999999999999318,hft_dominated,1768731038.026047
9,999.7,1000.1,999.9000000000001,0.39999999999997726,hft_dominated,1768731038.026468
10,999.8,1000.0,999.9,0.20000000000004547,hft_dominated,1768731038.026877
11,999.7,1000.1,999.9000000000001,0.39999999999997726,hft_dominated,1768731038.027446
12,999.7,1000.1,999.9000000000001,0.39999999999997726,hft_dominated,1768731038.0279622
13,999.7,1000.29,999.995,0.5899999999999181,hft_dominated,1768731038.0283551
14,999.7,1000.29,999.995,0.5899999999999181,hft_dominated,1768731038.0287402
15,999.6,1000.29,999.9449999999999,0.6899999999999409,hft_dominated,1768731038.029545
16,999.8,1000.0,999.9,0.20000000000004547,hft_dominated,1768731038.030153
17,999.8,1000.0,999.9,0.20000000000004547,hft_dominated,1768731038.030687
18,999.7,1000.1,999.9000000000001,0.39999999999997726,hft_dominated,1768731038.031188
19,999.8,1000.0,999.9,0.20000000000004547,hft_dominated,1768731038.031616
20,999.7,1000.1,999.9000000000001,0.39999999999997726,hft_dominated,1768731038.03197
21,999.3,1000.29,999.795,0.9900000000000091,hft_dominated,1768731038.0323288
22,999.3,1000.29,999.795,0.9900000000000091,hft_dominated,1768731038.032675
23,999.7,999.9,999.8,0.1999999999999318,hft_dominated,1768731038.03308
24,999.2,1000.29,999.745,1.0899999999999181,hft_dominated,1768731038.0334249
25,999.6,999.8,999.7,0.1999999999999318,hft_dominated,1768731038.033788
26,999.6,999.7,999.6500000000001,0.10000000000002274,hft_dominated,1768731038.034196
27,999.4,999.7,999.55,0.3000000000000682,hft_dominated,1768731038.034579
28,999.5,999.7,999.6,0.20000000000004547,hft_dominated,1768731038.034935
29,999.5,999.7,999.6,0.20000000000004547,hft_dominated,1768731038.035346
30,999.5,999.6,999.55,0.10000000000002274,hft_dominated,1768731038.035795
31,999.5,999.6,999.55,0.10000000000002274,hft_dominated,1768731038.0362399
32,999.4,999.6,999.5,0.20000000000004547,hft_dominated,1768731038.036702
33,999.5,999.6,999.55,0.10000000000002274,hft_dominated,1768731038.037067
34,999.5,999.6,999.55,0.10000000000002274,hft_dominated,1768731038.0374541
35,999.5,999.6,999.55,0.10000000000002274,hft_dominated,1768731038.037803
36,999.5,999.6,999.55,0.10000000000002274,hft_dominated,1768731038.038173
37,999.5,999.6,999.55,0.10000000000002274,hft_dominated,1768731038.038551
38,999.5,999.6,999.55,0.10000000000002274,hft_dominated,1768731038.038927
39,999.5,999.6,999.55,0.10000000000002274,hft_dominated,1768731038.039361
40,999.5,999.7,999.6,0.20000000000004547,hft_dominated,1768731038.039755
41,999.5,999.7,999.6,0.20000000000004547,hft_dominated,1768731038.040216
42,999.5,999.7,999.6,0.20000000000004547,hft_dominated,1768731038.0406
43,999.5,999.7,999.6,0.20000000000004547,hft_dominated,1768731038.041031
44,999.5,999.6,999.55,0.10000000000002274,hft_dominated,1768731038.041397
45,999.5,999.6,999.55,0.10000000000002274,hft_dominated,1768731038.041752
46,999.5,999.6,999.55,0.10000000000002274,hft_dominated,1768731038.0421371
47,999.5,999.6,999.55,0.10000000000002274,hft_dominated,1768731038.042518
48,999.5,999.7,999.6,0.20000000000004547,hft_dominated,1768731038.0428858
49,999.5,999.7,999.6,0.20000000000004547,hft_dominated,1768731038.043236
50,999.5,999.7,999.6,0.20000000000004547,hft_dominated,1768731038.04379
51,999.5,999.7,999.6,0.20000000000004547,hft_dominated,1768731038.055934
52,999.4,999.69,999.5450000000001,0.2900000000000773,hft_dominated,1768731038.05859
53,999.5,999.6,999.55,0.10000000000002274,hft_dominated,1768731038.05983
54,999.5,999.69,999.595,0.19000000000005457,hft_dominated,1768731038.0611641
55,999.6,999.69,999.645,0.09000000000003183,hft_dominated,1768731038.062305
56,999.6,999.69,999.645,0.09000000000003183,hft_dominated,1768731038.063474
57,999.6,999.69,999.645,0.09000000000003183,hft_dominated,1768731038.064523
58,999.6,999.69,999.645,0.09000000000003183,hft_dominated,1768731038.065902
59,999.6,999.69,999.645,0.09000000000003183,hft_dominated,1768731038.066831
60,999.6,999.69,999.645,0.09000000000003183,hft_dominated,1768731038.067731
61,999.2,999.6,999.4000000000001,0.39999999999997726,hft_dominated,1768731038.068825
62,999.3,999.4,999.3499999999999,0.10000000000002274,hft_dominated,1768731038.0708532
63,999.2,999.4,999.3,0.1999999999999318,hft_dominated,1768731038.071998
64,999.2,999.4,999.3,0.1999999999999318,hft_dominated,1768731038.0732439
65,998.5,999.4,998.95,0.8999999999999773,hft_dominated,1768731038.074271
66,998.7,999.0,998.85,0.2999999999999545,hft_dominated,1768731038.075445
67,998.7,999.0,998.85,0.2999999999999545,hft_dominated,1768731038.0766551
68,998.4,999.0,998.7,0.6000000000000227,hft_dominated,1768731038.078031
69,998.5,998.9,998.7,0.39999999999997726,hft_dominated,1768731038.079345
70,998.6,998.8,998.7,0.1999999999999318,hft_dominated,1768731038.080713
71,998.4,999.0,998.7,0.6000000000000227,hft_dominated,1768731038.081753
72,998.6,998.7,998.6500000000001,0.10000000000002274,hft_dominated,1768731038.082916
73,998.3,998.7,998.5,0.40000000000009095,hft_dominated,1768731038.083881
74,998.2,998.7,998.45,0.5,hft_dominated,1768731038.0851789
75,998.4,998.6,998.5,0.20000000000004547,hft_dominated,1768731038.0863008
76,998.3,998.7,998.5,0.40000000000009095,hft_dominated,1768731038.0872982
77,998.4,998.6,998.5,0.20000000000004547,hft_dominated,1768731038.088307
78,998.4,998.6,998.5,0.20000000000004547,hft_dominated,1768731038.0894709
79,998.4,998.6,998.5,0.20000000000004547,hft_dominated,1768731038.090414
80,998.4,998.6,998.5,0.20000000000004547,hft_dominated,1768731038.0912771
81,998.4,998.6,998.5,0.20000000000004547,hft_dominated,1768731038.092364
82,998.5,998.6,998.55,0.10000000000002274,hft_dominated,1768731038.0932631
83,998.5,998.7,998.6,0.20000000000004547,hft_dominated,1768731038.0943182
84,998.5,998.7,998.6,0.20000000000004547,hft_dominated,1768731038.095179
85,998.5,998.6,998.55,0.10000000000002274,hft_dominated,1768731038.0961401
86,998.4,998.6,998.5,0.20000000000004547,hft_dominated,1768731038.09702
87,998.2,998.6,998.4000000000001,0.39999999999997726,hft_dominated,1768731038.09787
88,998.4,998.6,998.5,0.20000000000004547,hft_dominated,1768731038.098746
89,998.4,998.6,998.5,0.20000000000004547,hft_dominated,1768731038.099638
90,998.4,998.7,998.55,0.3000000000000682,hft_dominated,1768731038.100441
91,998.4,998.6,998.5,0.20000000000004547,hft_dominated,1768731038.101152
92,998.4,998.6,998.5,0.20000000000004547,hft_dominated,1768731038.10194
93,998.4,998.6,998.5,0.20000000000004547,hft_dominated,1768731038.102709
94,998.4,998.6,998.5,0.20000000000004547,hft_dominated,1768731038.10348
95,998.2,998.8,998.5,0.599999999999909,hft_dominated,1768731038.104286
96,998.5,998.6,998.55,0.10000000000002274,hft_dominated,1768731038.1051068
97,998.5,998.7,998.6,0.20000000000004547,hft_dominated,1768731038.105948
98,998.5,998.8,998.65,0.2999999999999545,hft_dominated,1768731038.107007
99,998.5,998.7,998.6,0.20000000000004547,hft_dominated,1768731038.107838
100,998.5,998.7,998.6,0.20000000000004547,hft_dominated,1768731038.108686
101,998.5,998.7,998.6,0.20000000000004547,hft_dominated,1768731038.109517
102,998.5,998.7,998.6,0.20000000000004547,hft_dominated,1768731038.110516
103,998.5,998.7,998.6,0.20000000000004547,hft_dominated,1768731038.111375
104,998.5,998.7,998.6,0.20000000000004547,hft_dominated,1768731038.112212
105,998.5,998.7,998.6,0.20000000000004547,hft_dominated,1768731038.113066
106,998.5,998.6,998.55,0.10000000000002274,hft_dominated,1768731038.113937
107,998.5,998.6,998.55,0.10000000000002274,hft_dominated,1768731038.114959
108,998.3,998.6,998.45,0.3000000000000682,hft_dominated,1768731038.115814
109,998.3,998.4,998.3499999999999,0.10000000000002274,hft_dominated,1768731038.1180391
110,998.3,998.4,998.3499999999999,0.10000000000002274,hft_dominated,1768731038.119295
111,998.3,998.4,998.3499999999999,0.10000000000002274,hft_dominated,1768731038.120577
112,998.3,998.4,998.3499999999999,0.10000000000002274,hft_dominated,1768731038.123992
113,998.3,998.4,998.3499999999999,0.10000000000002274,hft_dominated,1768731038.1262112
114,998.3,998.4,998.3499999999999,0.10000000000002274,hft_dominated,1768731038.1278348
115,998.3,998.4,998.3499999999999,0.10000000000002274,hft_dominated,1768731038.129057
116,998.3,998.4,998.3499999999999,0.10000000000002274,hft_dominated,1768731038.1306748
117,998.3,998.4,998.3499999999999,0.10000000000002274,hft_dominated,1768731038.131951
118,998.3,998.4,998.3499999999999,0.10000000000002274,hft_dominated,1768731038.133118
119,998.0,998.4,998.2,0.39999999999997726,hft_dominated,1768731038.134374
120,998.1,998.3,998.2,0.1999999999999318,hft_dominated,1768731038.135524
121,998.0,998.4,998.2,0.39999999999997726,hft_dominated,1768731038.1372318
122,998.0,998.4,998.2,0.39999999999997726,hft_dominated,1768731038.138464
123,997.9,998.4,998.15,0.5,hft_dominated,1768731038.140429
124,998.1,998.3,998.2,0.1999999999999318,hft_dominated,1768731038.142129
125,998.1,998.4,998.25,0.2999999999999545,hft_dominated,1768731038.1433878
126,998.2,998.4,998.3,0.1999999999999318,hft_dominated,1768731038.145751
127,998.2,998.4,998.3,0.1999999999999318,hft_dominated,1768731038.1483939
128,998.2,998.4,998.3,0.1999999999999318,hft_dominated,1768731038.149854
129,998.2,998.4,998.3,0.1999999999999318,hft_dominated,1768731038.150931
130,998.2,998.3,998.25,0.09999999999990905,hft_dominated,1768731038.1539352
131,997.8,998.3,998.05,0.5,hft_dominated,1768731038.1550038
132,997.8,998.1,997.95,0.3000000000000682,hft_dominated,1768731038.155937
133,997.9,998.0,997.95,0.10000000000002274,hft_dominated,1768731038.156841
134,997.8,998.0,997.9,0.20000000000004547,hft_dominated,1768731038.157728
135,997.4,998.0,997.7,0.6000000000000227,hft_dominated,1768731038.158606
136,997.6,997.8,997.7,0.1999999999999318,hft_dominated,1768731038.159478
137,997.6,997.8,997.7,0.1999999999999318,hft_dominated,1768731038.1604831
138,997.5,997.9,997.7,0.39999999999997726,hft_dominated,1768731038.1615
139,997.6,997.8,997.7,0.1999999999999318,hft_dominated,1768731038.162431
140,997.6,997.8,997.7,0.1999999999999318,hft_dominated,1768731038.163309
141,997.6,997.8,997.7,0.1999999999999318,hft_dominated,1768731038.16416
142,997.6,997.8,997.7,0.1999999999999318,hft_dominated,1768731038.165004
143,997.4,998.0,997.7,0.6000000000000227,hft_dominated,1768731038.165823
144,997.6,997.8,997.7,0.1999999999999318,hft_dominated,1768731038.166664
145,997.5,997.9,997.7,0.39999999999997726,hft_dominated,1768731038.1675022
146,997.6,997.8,997.7,0.1999999999999318,hft_dominated,1768731038.1683578
147,997.6,997.8,997.7,0.1999999999999318,hft_dominated,1768731038.1692932
148,997.6,997.8,997.7,0.1999999999999318,hft_dominated,1768731038.170186
149,997.6,997.7,997.6500000000001,0.10000000000002274,hft_dominated,1768731038.1712818
150,997.5,997.7,997.6,0.20000000000004547,hft_dominated,1768731038.172201
151,997.4,997.7,997.55,0.3000000000000682,hft_dominated,1768731038.172898
152,997.5,997.7,997.6,0.20000000000004547,hft_dominated,1768731038.173695
153,997.4,997.7,997.55,0.3000000000000682,hft_dominated,1768731038.174554
154,997.4,997.7,997.55,0.3000000000000682,hft_dominated,1768731038.175458
155,997.1,997.7,997.4000000000001,0.6000000000000227,hft_dominated,1768731038.176181
156,997.3,997.5,997.4,0.20000000000004547,hft_dominated,1768731038.176942
157,997.3,997.5,997.4,0.20000000000004547,hft_dominated,1768731038.1777642
158,997.3,997.5,997.4,0.20000000000004547,hft_dominated,1768731038.178528
159,997.4,997.5,997.45,0.10000000000002274,hft_dominated,1768731038.179224
160,997.4,997.8,997.5999999999999,0.39999999999997726,hft_dominated,1768731038.179917
161,997.45,998.0,997.725,0.5499999999999545,hft_dominated,1768731038.181858
162,997.45,997.7,997.575,0.25,hft_dominated,1768731038.182732
163,997.5,997.7,997.6,0.20000000000004547,hft_dominated,1768731038.1834052
164,997.45,997.8,997.625,0.34999999999990905,hft_dominated,1768731038.184075
165,997.5,997.7,997.6,0.20000000000004547,hft_dominated,1768731038.184781
166,997.5,997.7,997.6,0.20000000000004547,hft_dominated,1768731038.185547
167,997.5,997.7,997.6,0.20000000000004547,hft_dominated,1768731038.186351
168,997.5,997.7,997.6,0.20000000000004547,hft_dominated,1768731038.187155
169,997.5,997.7,997.6,0.20000000000004547,hft_dominated,1768731038.187846
170,997.5,997.6,997.55,0.10000000000002274,hft_dominated,1768731038.188685
171,997.45,997.6,997.5250000000001,0.14999999999997726,hft_dominated,1768731038.1894999
172,997.45,997.6,997.5250000000001,0.14999999999997726,hft_dominated,1768731038.190204
173,997.5,997.6,997.55,0.10000000000002274,hft_dominated,1768731038.190932
174,997.5,997.6,997.55,0.10000000000002274,hft_dominated,1768731038.191696
175,997.5,997.6,997.55,0.10000000000002274,hft_dominated,1768731038.192437
176,997.5,997.6,997.55,0.10000000000002274,hft_dominated,1768731038.193184
177,997.5,997.6,997.55,0.10000000000002274,hft_dominated,1768731038.194125
178,997.5,997.6,997.55,0.10000000000002274,hft_dominated,1768731038.1951418
179,997.5,997.6,997.55,0.10000000000002274,hft_dominated,1768731038.196379
180,997.5,997.7,997.6,0.20000000000004547,hft_dominated,1768731038.197214
181,997.5,997.9,997.7,0.39999999999997726,hft_dominated,1768731038.198685
182,997.6,997.8,997.7,0.1999999999999318,hft_dominated,1768731038.199424
183,997.6,997.8,997.7,0.1999999999999318,hft_dominated,1768731038.20013
184,997.6,997.7,997.6500000000001,0.10000000000002274,hft_dominated,1768731038.200854
185,997.5,997.7,997.6,0.20000000000004547,hft_dominated,1768731038.201577
186,997.5,997.7,997.6,0.20000000000004547,hft_dominated,1768731038.202402
187,997.5,997.7,997.6,0.20000000000004547,hft_dominated,1768731038.203131
188,997.5,997.7,997.6,0.20000000000004547,hft_dominated,1768731038.2037919
189,997.5,997.7,997.6,0.20000000000004547,hft_dominated,1768731038.20449
190,997.5,997.7,997.6,0.20000000000004547,hft_dominated,1768731038.205172
191,997.6,997.8,997.7,0.1999999999999318,hft_dominated,1768731038.205892
192,997.5,997.8,997.65,0.2999999999999545,hft_dominated,1768731038.206541
193,997.6,997.8,997.7,0.1999999999999318,hft_dominated,1768731038.207196
194,997.6,997.8,997.7,0.1999999999999318,hft_dominated,1768731038.207851
195,997.45,998.2,997.825,0.75,hft_dominated,1768731038.208519
196,997.7,997.9,997.8,0.1999999999999318,hft_dominated,1768731038.209177
197,997.8,998.2,998.0,0.40000000000009095,hft_dominated,1768731038.209839
198,997.45,998.4,997.925,0.9499999999999318,hft_dominated,1768731038.210537
199,997.8,998.0,997.9,0.20000000000004547,hft_dominated,1768731038.211244
200,997.9,998.2,998.05,0.3000000000000682,hft_dominated,1768731038.211914
201,997.9,998.1,998.0,0.20000000000004547,hft_dominated,1768731038.2126248
202,997.8,998.2,998.0,0.40000000000009095,hft_dominated,1768731038.2132978
203,997.9,998.1,998.0,0.20000000000004547,hft_dominated,1768731038.2139509
204,997.9,998.0,997.95,0.10000000000002274,hft_dominated,1768731038.2146711
205,997.7,998.0,997.85,0.2999999999999545,hft_dominated,1768731038.215307
206,997.8,998.0,997.9,0.20000000000004547,hft_dominated,1768731038.215956
207,997.8,998.0,997.9,0.20000000000004547,hft_dominated,1768731038.216583
208,997.8,998.0,997.9,0.20000000000004547,hft_dominated,1768731038.217238
209,997.8,998.0,997.9,0.20000000000004547,hft_dominated,1768731038.21793
210,997.8,998.0,997.9,0.20000000000004547,hft_dominated,1768731038.218861
211,997.7,998.1,997.9000000000001,0.39999999999997726,hft_dominated,1768731038.219751
212,997.9,998.1,998.0,0.20000000000004547,hft_dominated,1768731038.220741
213,997.9,998.1,998.0,0.20000000000004547,hft_dominated,1768731038.221896
214,997.9,998.2,998.05,0.3000000000000682,hft_dominated,1768731038.222888
215,998.0,998.55,998.275,0.5499999999999545,hft_dominated,1768731038.223959
216,998.2,998.4,998.3,0.1999999999999318,hft_dominated,1768731038.226222
217,998.1,998.5,998.3,0.39999999999997726,hft_dominated,1768731038.227369
218,998.2,998.4,998.3,0.1999999999999318,hft_dominated,1768731038.22858
219,998.2,998.4,998.3,0.1999999999999318,hft_dominated,1768731038.2295942
220,998.05,998.55,998.3,0.5,hft_dominated,1768731038.230335
221,998.05,998.55,998.3,0.5,hft_dominated,1768731038.231039
222,998.2,998.4,998.3,0.1999999999999318,hft_dominated,1768731038.231752
223,998.05,998.55,998.3,0.5,hft_dominated,1768731038.2324228
224,998.1,998.5,998.3,0.39999999999997726,hft_dominated,1768731038.23329
225,998.1,998.5,998.3,0.39999999999997726,hft_dominated,1768731038.234227
226,998.05,998.3,998.175,0.25,hft_dominated,1768731038.2349231
227,998.05,998.4,998.2249999999999,0.35000000000002274,hft_dominated,1768731038.235762
228,998.05,998.5,998.275,0.4500000000000455,hft_dominated,1768731038.236489
229,998.2,998.3,998.25,0.09999999999990905,hft_dominated,1768731038.237256
230,998.2,998.3,998.25,0.09999999999990905,hft_dominated,1768731038.237988
231,998.2,998.3,998.25,0.09999999999990905,hft_dominated,1768731038.238834
232,998.2,998.4,998.3,0.1999999999999318,hft_dominated,1768731038.239618
233,998.2,998.4,998.3,0.1999999999999318,hft_dominated,1768731038.250754
234,998.1,998.5,998.3,0.39999999999997726,hft_dominated,1768731038.2522602
235,998.1,998.5,998.3,0.39999999999997726,hft_dominated,1768731038.253273
236,998.05,998.55,998.3,0.5,hft_dominated,1768731038.254598
237,998.05,998.55,998.3,0.5,hft_dominated,1768731038.255564
238,998.2,998.4,998.3,0.1999999999999318,hft_dominated,1768731038.256441
239,998.2,998.4,998.3,0.1999999999999318,hft_dominated,1768731038.257238
240,998.2,998.4,998.3,0.1999999999999318,hft_dominated,1768731038.2580202
241,998.2,998.4,998.3,0.1999999999999318,hft_dominated,1768731038.2587452
242,998.3,998.55,998.425,0.25,hft_dominated,1768731038.259504
243,998.3,998.5,998.4,0.20000000000004547,hft_dominated,1768731038.260386
244,998.3,998.55,998.425,0.25,hft_dominated,1768731038.2614841
245,998.3,998.5,998.4,0.20000000000004547,hft_dominated,1768731038.262316
246,998.3,998.55,998.425,0.25,hft_dominated,1768731038.263104
247,998.3,998.55,998.425,0.25,hft_dominated,1768731038.263873
248,998.3,998.55,998.425,0.25,hft_dominated,1768731038.264748
249,998.3,998.5,998.4,0.20000000000004547,hft_dominated,1768731038.2655559
250,998.3,998.4,998.3499999999999,0.10000000000002274,hft_dominated,1768731038.2663932
251,998.3,998.5,998.4,0.20000000000004547,hft_dominated,1768731038.267648
252,998.3,998.5,998.4,0.20000000000004547,hft_dominated,1768731038.2685912
253,998.3,998.5,998.4,0.20000000000004547,hft_dominated,1768731038.269859
254,998.4,998.5,998.45,0.10000000000002274,hft_dominated,1768731038.276365
255,998.4,998.55,998.4749999999999,0.14999999999997726,hft_dominated,1768731038.279905
256,998.5,998.55,998.525,0.049999999999954525,hft_dominated,1768731038.280849
257,998.4,998.55,998.4749999999999,0.14999999999997726,hft_dominated,1768731038.283332
258,998.4,998.55,998.4749999999999,0.14999999999997726,hft_dominated,1768731038.284172
259,998.4,998.55,998.4749999999999,0.14999999999997726,hft_dominated,1768731038.284956
260,998.4,998.55,998.4749999999999,0.14999999999997726,hft_dominated,1768731038.285881
261,998.3,998.55,998.425,0.25,hft_dominated,1768731038.286718
262,998.3,998.55,998.425,0.25,hft_dominated,1768731038.287511
263,998.3,998.4,998.3499999999999,0.10000000000002274,hft_dominated,1768731038.288372
264,998.3,998.4,998.3499999999999,0.10000000000002274,hft_dominated,1768731038.28923
265,998.3,998.4,998.3499999999999,0.10000000000002274,hft_dominated,1768731038.2900102
266,998.3,998.5,998.4,0.20000000000004547,hft_dominated,1768731038.290721
267,998.3,998.5,998.4,0.20000000000004547,hft_dominated,1768731038.291403
268,998.3,998.5,998.4,0.20000000000004547,hft_dominated,1768731038.292199
269,998.1,998.55,998.325,0.4499999999999318,hft_dominated,1768731038.292904
270,998.2,998.4,998.3,0.1999999999999318,hft_dominated,1768731038.293659
271,998.3,998.55,998.425,0.25,hft_dominated,1768731038.294545
272,998.4,998.55,998.4749999999999,0.14999999999997726,hft_dominated,1768731038.295464
273,998.4,998.55,998.4749999999999,0.14999999999997726,hft_dominated,1768731038.2962172
274,998.05,998.55,998.3,0.5,hft_dominated,1768731038.297109
275,998.3,998.4,998.3499999999999,0.10000000000002274,hft_dominated,1768731038.299674
276,998.3,998.4,998.3499999999999,0.10000000000002274,hft_dominated,1768731038.300471
277,998.3,998.5,998.4,0.20000000000004547,hft_dominated,1768731038.3011708
278,998.2,998.4,998.3,0.1999999999999318,hft_dominated,1768731038.301854
279,998.2,998.4,998.3,0.1999999999999318,hft_dominated,1768731038.30259
280,998.2,998.3,998.25,0.09999999999990905,hft_dominated,1768731038.303301
281,998.2,998.3,998.25,0.09999999999990905,hft_dominated,1768731038.304003
282,998.2,998.3,998.25,0.09999999999990905,hft_dominated,1768731038.3047209
283,998.2,998.3,998.25,0.09999999999990905,hft_dominated,1768731038.3053818
284,998.2,998.3,998.25,0.09999999999990905,hft_dominated,1768731038.306071
285,998.2,998.3,998.25,0.09999999999990905,hft_dominated,1768731038.3067951
286,998.2,998.3,998.25,0.09999999999990905,hft_dominated,1768731038.307508
287,998.2,998.3,998.25,0.09999999999990905,hft_dominated,1768731038.308196
288,998.2,998.3,998.25,0.09999999999990905,hft_dominated,1768731038.308862
289,998.2,998.3,998.25,0.09999999999990905,hft_dominated,1768731038.3095622
290,998.2,998.3,998.25,0.09999999999990905,hft_dominated,1768731038.310219
291,998.2,998.3,998.25,0.09999999999990905,hft_dominated,1768731038.310973
292,998.2,998.3,998.25,0.09999999999990905,hft_dominated,1768731038.3117068
293,998.2,998.3,998.25,0.09999999999990905,hft_dominated,1768731038.312371
294,998.2,998.3,998.25,0.09999999999990905,hft_dominated,1768731038.313036
295,998.2,998.3,998.25,0.09999999999990905,hft_dominated,1768731038.313719
296,998.2,998.3,998.25,0.09999999999990905,hft_dominated,1768731038.314354
297,998.2,998.3,998.25,0.09999999999990905,hft_dominated,1768731038.314998
298,998.2,998.3,998.25,0.09999999999990905,hft_dominated,1768731038.315657
299,998.2,998.3,998.25,0.09999999999990905,hft_dominated,1768731038.316318
300,998.05,998.3,998.175,0.25,hft_dominated,1768731038.317021
301,998.05,998.3,998.175,0.25,hft_dominated,1768731038.3177001
302,998.05,998.2,998.125,0.15000000000009095,hft_dominated,1768731038.318451
303,998.05,998.2,998.125,0.15000000000009095,hft_dominated,1768731038.319232
304,998.05,998.1,998.075,0.05000000000006821,hft_dominated,1768731038.319922
305,998.05,998.1,998.075,0.05000000000006821,hft_dominated,1768731038.320617
306,998.05,998.2,998.125,0.15000000000009095,hft_dominated,1768731038.3213089
307,998.05,998.2,998.125,0.15000000000009095,hft_dominated,1768731038.321953
308,998.1,998.2,998.1500000000001,0.10000000000002274,hft_dominated,1768731038.3226209
309,998.05,998.2,998.125,0.15000000000009095,hft_dominated,1768731038.323426
310,998.05,998.2,998.125,0.15000000000009095,hft_dominated,1768731038.3240829
311,998.1,998.2,998.1500000000001,0.10000000000002274,hft_dominated,1768731038.3247318
312,998.1,998.2,998.1500000000001,0.10000000000002274,hft_dominated,1768731038.3254342
313,998.1,998.2,998.1500000000001,0.10000000000002274,hft_dominated,1768731038.326119
314,998.1,998.2,998.1500000000001,0.10000000000002274,hft_dominated,1768731038.326783
315,998.1,998.3,998.2,0.1999999999999318,hft_dominated,1768731038.3276758
316,998.1,998.3,998.2,0.1999999999999318,hft_dominated,1768731038.328404
317,998.1,998.3,998.2,0.1999999999999318,hft_dominated,1768731038.329105
318,998.2,998.3,998.25,0.09999999999990905,hft_dominated,1768731038.32976
319,998.1,998.5,998.3,0.39999999999997726,hft_dominated,1768731038.330414
320,998.2,998.4,998.3,0.1999999999999318,hft_dominated,1768731038.331106
321,998.1,998.3,998.2,0.1999999999999318,hft_dominated,1768731038.331805
322,998.2,998.3,998.25,0.09999999999990905,hft_dominated,1768731038.332496
323,998.2,998.3,998.25,0.09999999999990905,hft_dominated,1768731038.333202
324,998.2,998.3,998.25,0.09999999999990905,hft_dominated,1768731038.333892
325,998.2,998.3,998.25,0.09999999999990905,hft_dominated,1768731038.334553
326,998.2,998.3,998.25,0.09999999999990905,hft_dominated,1768731038.335264
327,998.2,998.3,998.25,0.09999999999990905,hft_dominated,1768731038.3359401
328,998.2,998.3,998.25,0.09999999999990905,hft_dominated,1768731038.3366148
329,998.2,998.3,998.25,0.09999999999990905,hft_dominated,1768731038.337278
330,998.2,998.3,998.25,0.09999999999990905,hft_dominated,1768731038.3379478
331,998.2,998.3,998.25,0.09999999999990905,hft_dominated,1768731038.338604
332,998.2,998.4,998.3,0.1999999999999318,hft_dominated,1768731038.339246
333,998.3,998.5,998.4,0.20000000000004547,hft_dominated,1768731038.3398871
334,998.3,998.5,998.4,0.20000000000004547,hft_dominated,1768731038.340563
335,998.4,998.5,998.45,0.10000000000002274,hft_dominated,1768731038.341302
336,998.4,998.5,998.45,0.10000000000002274,hft_dominated,1768731038.3419678
337,998.4,998.5,998.45,0.10000000000002274,hft_dominated,1768731038.3426251
338,998.4,998.5,998.45,0.10000000000002274,hft_dominated,1768731038.343263
339,998.4,998.5,998.45,0.10000000000002274,hft_dominated,1768731038.344054
340,998.4,998.5,998.45,0.10000000000002274,hft_dominated,1768731038.3447502
341,998.4,998.5,998.45,0.10000000000002274,hft_dominated,1768731038.3454468
342,998.4,998.5,998.45,0.10000000000002274,hft_dominated,1768731038.346123
343,998.4,998.5,998.45,0.10000000000002274,hft_dominated,1768731038.346776
344,998.4,998.5,998.45,0.10000000000002274,hft_dominated,1768731038.347426
345,998.4,998.5,998.45,0.10000000000002274,hft_dominated,1768731038.3480499
346,998.4,998.5,998.45,0.10000000000002274,hft_dominated,1768731038.348701
347,998.05,998.5,998.275,0.4500000000000455,hft_dominated,1768731038.3493462
348,998.3,998.4,998.3499999999999,0.10000000000002274,hft_dominated,1768731038.349998
349,998.3,998.5,998.4,0.20000000000004547,hft_dominated,1768731038.350663
350,998.3,998.5,998.4,0.20000000000004547,hft_dominated,1768731038.3513658
351,998.3,998.4,998.3499999999999,0.10000000000002274,hft_dominated,1768731038.352062
352,998.3,998.4,998.3499999999999,0.10000000000002274,hft_dominated,1768731038.3527129
353,998.3,998.4,998.3499999999999,0.10000000000002274,hft_dominated,1768731038.3533492
354,998.3,998.4,998.3499999999999,0.10000000000002274,hft_dominated,1768731038.3539991
355,998.3,998.4,998.3499999999999,0.10000000000002274,hft_dominated,1768731038.3546429
356,998.3,998.4,998.3499999999999,0.10000000000002274,hft_dominated,1768731038.355275
357,998.3,998.4,998.3499999999999,0.10000000000002274,hft_dominated,1768731038.355952
358,998.3,998.4,998.3499999999999,0.10000000000002274,hft_dominated,1768731038.3565922
359,998.3,998.5,998.4,0.20000000000004547,hft_dominated,1768731038.357291
360,998.3,998.5,998.4,0.20000000000004547,hft_dominated,1768731038.358054
361,998.1,998.5,998.3,0.39999999999997726,hft_dominated,1768731038.3587232
362,998.1,998.4,998.25,0.2999999999999545,hft_dominated,1768731038.3606179
363,998.2,998.4,998.3,0.1999999999999318,hft_dominated,1768731038.361514
364,998.2,998.45,998.325,0.25,hft_dominated,1768731038.362241
365,998.3,998.45,998.375,0.15000000000009095,hft_dominated,1768731038.363035
366,998.3,998.45,998.375,0.15000000000009095,hft_dominated,1768731038.363756
367,998.4,998.45,998.425,0.05000000000006821,hft_dominated,1768731038.364535
368,998.4,998.45,998.425,0.05000000000006821,hft_dominated,1768731038.365237
369,998.3,998.45,998.375,0.15000000000009095,hft_dominated,1768731038.365939
370,998.3,998.45,998.375,0.15000000000009095,hft_dominated,1768731038.366622
371,998.3,998.45,998.375,0.15000000000009095,hft_dominated,1768731038.367425
372,998.3,998.4,998.3499999999999,0.10000000000002274,hft_dominated,1768731038.3682141
373,998.2,998.45,998.325,0.25,hft_dominated,1768731038.3689432
374,998.2,998.45,998.325,0.25,hft_dominated,1768731038.3696709
375,998.05,998.45,998.25,0.40000000000009095,hft_dominated,1768731038.370384
376,998.05,998.45,998.25,0.40000000000009095,hft_dominated,1768731038.371101
377,998.05,998.3,998.175,0.25,hft_dominated,1768731038.3718028
378,998.05,998.2,998.125,0.15000000000009095,hft_dominated,1768731038.37249
379,998.05,998.2,998.125,0.15000000000009095,hft_dominated,1768731038.373159
380,998.05,998.2,998.125,0.15000000000009095,hft_dominated,1768731038.373863
381,998.05,998.2,998.125,0.15000000000009095,hft_dominated,1768731038.37458
382,998.1,998.3,998.2,0.1999999999999318,hft_dominated,1768731038.375274
383,998.1,998.3,998.2,0.1999999999999318,hft_dominated,1768731038.375993
384,998.1,998.3,998.2,0.1999999999999318,hft_dominated,1768731038.3766952
385,998.2,998.3,998.25,0.09999999999990905,hft_dominated,1768731038.377476
386,998.2,998.3,998.25,0.09999999999990905,hft_dominated,1768731038.378164
387,998.2,998.3,998.25,0.09999999999990905,hft_dominated,1768731038.378806
388,998.2,998.3,998.25,0.09999999999990905,hft_dominated,1768731038.379453
389,998.2,998.3,998.25,0.09999999999990905,hft_dominated,1768731038.3801
390,998.2,998.3,998.25,0.09999999999990905,hft_dominated,1768731038.38077
391,998.2,998.3,998.25,0.09999999999990905,hft_dominated,1768731038.381415
392,998.2,998.3,998.25,0.09999999999990905,hft_dominated,1768731038.382067
393,998.2,998.3,998.25,0.09999999999990905,hft_dominated,1768731038.382742
394,998.2,998.3,998.25,0.09999999999990905,hft_dominated,1768731038.383371
395,998.2,998.3,998.25,0.09999999999990905,hft_dominated,1768731038.384049
396,998.2,998.45,998.325,0.25,hft_dominated,1768731038.384703
397,998.2,998.45,998.325,0.25,hft_dominated,1768731038.385377
398,998.2,998.45,998.325,0.25,hft_dominated,1768731038.3860512
399,998.3,998.4,998.3499999999999,0.10000000000002274,hft_dominated,1768731038.386789
400,998.3,998.4,998.3499999999999,0.10000000000002274,hft_dominated,1768731038.387465
401,998.3,998.45,998.375,0.15000000000009095,hft_dominated,1768731038.388191
402,998.3,998.45,998.375,0.15000000000009095,hft_dominated,1768731038.388881
403,998.3,998.45,998.375,0.15000000000009095,hft_dominated,1768731038.38957
404,998.3,998.45,998.375,0.15000000000009095,hft_dominated,1768731038.390238
405,998.3,998.45,998.375,0.15000000000009095,hft_dominated,1768731038.390923
406,998.3,998.45,998.375,0.15000000000009095,hft_dominated,1768731038.391636
407,998.3,998.45,998.375,0.15000000000009095,hft_dominated,1768731038.392426
408,998.3,998.45,998.375,0.15000000000009095,hft_dominated,1768731038.393188
409,998.3,998.45,998.375,0.15000000000009095,hft_dominated,1768731038.394055
410,998.3,998.45,998.375,0.15000000000009095,hft_dominated,1768731038.395196
411,998.3,998.45,998.375,0.15000000000009095,hft_dominated,1768731038.3961642
412,998.3,998.45,998.375,0.15000000000009095,hft_dominated,1768731038.3976781
413,998.05,998.4,998.2249999999999,0.35000000000002274,hft_dominated,1768731038.398705
414,998.1,998.3,998.2,0.1999999999999318,hft_dominated,1768731038.399512
415,998.05,998.4,998.2249999999999,0.35000000000002274,hft_dominated,1768731038.400297
416,998.05,998.45,998.25,0.40000000000009095,hft_dominated,1768731038.4010618
417,998.1,998.4,998.25,0.2999999999999545,hft_dominated,1768731038.401782
418,998.2,998.4,998.3,0.1999999999999318,hft_dominated,1768731038.4028218
419,998.2,998.3,998.25,0.09999999999990905,hft_dominated,1768731038.4038138
420,998.05,998.3,998.175,0.25,hft_dominated,1768731038.404543
421,998.05,998.2,998.125,0.15000000000009095,hft_dominated,1768731038.405268
422,998.05,998.2,998.125,0.15000000000009095,hft_dominated,1768731038.405986
423,998.05,998.2,998.125,0.15000000000009095,hft_dominated,1768731038.406684
424,998.1,998.2,998.1500000000001,0.10000000000002274,hft_dominated,1768731038.407431
425,998.1,998.2,998.1500000000001,0.10000000000002274,hft_dominated,1768731038.408229
426,998.1,998.2,998.1500000000001,0.10000000000002274,hft_dominated,1768731038.409019
427,998.1,998.2,998.1500000000001,0.10000000000002274,hft_dominated,1768731038.409746
428,998.1,998.2,998.1500000000001,0.10000000000002274,hft_dominated,1768731038.41069
429,998.1,998.2,998.1500000000001,0.10000000000002274,hft_dominated,1768731038.411513
430,998.1,998.2,998.1500000000001,0.10000000000002274,hft_dominated,1768731038.412249
431,998.1,998.2,998.1500000000001,0.10000000000002274,hft_dominated,1768731038.412964
432,998.1,998.2,998.1500000000001,0.10000000000002274,hft_dominated,1768731038.4136791
433,998.1,998.2,998.1500000000001,0.10000000000002274,hft_dominated,1768731038.414411
434,998.1,998.2,998.1500000000001,0.10000000000002274,hft_dominated,1768731038.4151092
435,998.1,998.2,998.1500000000001,0.10000000000002274,hft_dominated,1768731038.4158568
436,998.05,998.2,998.125,0.15000000000009095,hft_dominated,1768731038.416527
437,998.05,998.2,998.125,0.15000000000009095,hft_dominated,1768731038.417218
438,998.05,998.2,998.125,0.15000000000009095,hft_dominated,1768731038.4179242
439,998.05,998.2,998.125,0.15000000000009095,hft_dominated,1768731038.418738
440,998.05,998.1,998.075,0.05000000000006821,hft_dominated,1768731038.419595
441,998.05,998.1,998.075,0.05000000000006821,hft_dominated,1768731038.4204102
442,998.05,998.2,998.125,0.15000000000009095,hft_dominated,1768731038.4211981
443,998.1,998.2,998.1500000000001,0.10000000000002274,hft_dominated,1768731038.421979
444,998.1,998.3,998.2,0.1999999999999318,hft_dominated,1768731038.422753
445,998.15,998.3,998.2249999999999,0.14999999999997726,hft_dominated,1768731038.424813
446,998.15,998.3,998.2249999999999,0.14999999999997726,hft_dominated,1768731038.425699
447,998.15,998.45,998.3,0.3000000000000682,hft_dominated,1768731038.426552
448,998.15,998.3,998.2249999999999,0.14999999999997726,hft_dominated,1768731038.427428
449,998.15,998.3,998.2249999999999,0.14999999999997726,hft_dominated,1768731038.428384
450,998.15,998.4,998.275,0.25,hft_dominated,1768731038.429295
451,998.15,998.3,998.2249999999999,0.14999999999997726,hft_dominated,1768731038.430092
452,998.15,998.3,998.2249999999999,0.14999999999997726,hft_dominated,1768731038.4308438
453,998.15,998.3,998.2249999999999,0.14999999999997726,hft_dominated,1768731038.431764
454,998.15,998.3,998.2249999999999,0.14999999999997726,hft_dominated,1768731038.4325042
455,998.15,998.3,998.2249999999999,0.14999999999997726,hft_dominated,1768731038.433283
456,998.15,998.45,998.3,0.3000000000000682,hft_dominated,1768731038.434035
457,998.2,998.3,998.25,0.09999999999990905,hft_dominated,1768731038.434735
458,998.2,998.3,998.25,0.09999999999990905,hft_dominated,1768731038.435494
459,998.15,998.3,998.2249999999999,0.14999999999997726,hft_dominated,1768731038.436268
460,998.15,998.3,998.2249999999999,0.14999999999997726,hft_dominated,1768731038.43698
461,998.15,998.2,998.175,0.05000000000006821,hft_dominated,1768731038.437707
462,998.15,998.3,998.2249999999999,0.14999999999997726,hft_dominated,1768731038.4384341
463,998.15,998.4,998.275,0.25,hft_dominated,1768731038.43916
464,998.15,998.45,998.3,0.3000000000000682,hft_dominated,1768731038.4400132
465,998.3,998.45,998.375,0.15000000000009095,hft_dominated,1768731038.440722
466,998.3,998.45,998.375,0.15000000000009095,hft_dominated,1768731038.441366
467,998.3,998.4,998.3499999999999,0.10000000000002274,hft_dominated,1768731038.442029
468,998.3,998.4,998.3499999999999,0.10000000000002274,hft_dominated,1768731038.442719
469,998.2,998.4,998.3,0.1999999999999318,hft_dominated,1768731038.443416
470,998.2,998.4,998.3,0.1999999999999318,hft_dominated,1768731038.4441779
471,998.2,998.4,998.3,0.1999999999999318,hft_dominated,1768731038.444889
472,998.15,998.4,998.275,0.25,hft_dominated,1768731038.445586
473,998.15,998.4,998.275,0.25,hft_dominated,1768731038.44624
474,998.3,998.4,998.3499999999999,0.10000000000002274,hft_dominated,1768731038.446984
475,998.3,998.4,998.3499999999999,0.10000000000002274,hft_dominated,1768731038.447694
476,998.3,998.4,998.3499999999999,0.10000000000002274,hft_dominated,1768731038.448423
477,998.3,998.4,998.3499999999999,0.10000000000002274,hft_dominated,1768731038.449106
478,998.3,998.4,998.3499999999999,0.10000000000002274,hft_dominated,1768731038.449808
479,998.3,998.4,998.3499999999999,0.10000000000002274,hft_dominated,1768731038.450589
480,998.3,998.4,998.3499999999999,0.10000000000002274,hft_dominated,1768731038.4512682
481,998.3,998.4,998.3499999999999,0.10000000000002274,hft_dominated,1768731038.451982
482,998.3,998.4,998.3499999999999,0.10000000000002274,hft_dominated,1768731038.452704
483,998.3,998.4,998.3499999999999,0.10000000000002274,hft_dominated,1768731038.453412
484,998.2,998.4,998.3,0.1999999999999318,hft_dominated,1768731038.454112
485,998.2,998.4,998.3,0.1999999999999318,hft_dominated,1768731038.4547572
486,998.3,998.4,998.3499999999999,0.10000000000002274,hft_dominated,1768731038.455443
487,998.3,998.4,998.3499999999999,0.10000000000002274,hft_dominated,1768731038.456106
488,998.3,998.4,998.3499999999999,0.10000000000002274,hft_dominated,1768731038.4567769
489,998.3,998.4,998.3499999999999,0.10000000000002274,hft_dominated,1768731038.4574258
490,998.3,998.4,998.3499999999999,0.10000000000002274,hft_dominated,1768731038.4580631
491,998.3,998.4,998.3499999999999,0.10000000000002274,hft_dominated,1768731038.458766
492,998.3,998.4,998.3499999999999,0.10000000000002274,hft_dominated,1768731038.459452
493,998.2,998.4,998.3,0.1999999999999318,hft_dominated,1768731038.4601228
494,998.2,998.4,998.3,0.1999999999999318,hft_dominated,1768731038.46083
495,998.15,998.45,998.3,0.3000000000000682,hft_dominated,1768731038.461514
496,998.15,998.45,998.3,0.3000000000000682,hft_dominated,1768731038.462186
497,998.15,998.45,998.3,0.3000000000000682,hft_dominated,1768731038.4628968
498,998.15,998.45,998.3,0.3000000000000682,hft_dominated,1768731038.463629
499,998.15,998.45,998.3,0.3000000000000682,hft_dominated,1768731038.464318
500,998.15,998.45,998.3,0.3000000000000682,hft_dominated,1768731038.464962
501,998.15,998.45,998.3,0.3000000000000682,hft_dominated,1768731038.465652
502,998.15,998.45,998.3,0.3000000000000682,hft_dominated,1768731038.466294
503,998.2,998.4,998.3,0.1999999999999318,hft_dominated,1768731038.46694
504,998.3,998.4,998.3499999999999,0.10000000000002274,hft_dominated,1768731038.467614
505,998.3,998.45,998.375,0.15000000000009095,hft_dominated,1768731038.468568
506,998.4,998.45,998.425,0.05000000000006821,hft_dominated,1768731038.4693298
507,998.4,998.45,998.425,0.05000000000006821,hft_dominated,1768731038.4700532
508,998.4,998.45,998.425,0.05000000000006821,hft_dominated,1768731038.470751
509,998.4,998.45,998.425,0.05000000000006821,hft_dominated,1768731038.4714382
510,998.4,998.45,998.425,0.05000000000006821,hft_dominated,1768731038.4723892
511,998.4,998.45,998.425,0.05000000000006821,hft_dominated,1768731038.473408
512,998.4,998.45,998.425,0.05000000000006821,hft_dominated,1768731038.47439
513,998.4,998.45,998.425,0.05000000000006821,hft_dominated,1768731038.4753962
514,998.4,998.45,998.425,0.05000000000006821,hft_dominated,1768731038.476188
515,998.3,998.45,998.375,0.15000000000009095,hft_dominated,1768731038.476938
516,998.3,998.45,998.375,0.15000000000009095,hft_dominated,1768731038.4783008
517,998.3,998.45,998.375,0.15000000000009095,hft_dominated,1768731038.479275
518,998.3,998.45,998.375,0.15000000000009095,hft_dominated,1768731038.480046
519,998.3,998.45,998.375,0.15000000000009095,hft_dominated,1768731038.480803
520,998.4,998.45,998.425,0.05000000000006821,hft_dominated,1768731038.481577
521,998.4,998.45,998.425,0.05000000000006821,hft_dominated,1768731038.482283
522,998.4,998.45,998.425,0.05000000000006821,hft_dominated,1768731038.482954
523,998.4,998.45,998.425,0.05000000000006821,hft_dominated,1768731038.483698
524,998.4,998.45,998.425,0.05000000000006821,hft_dominated,1768731038.484469
525,998.3,998.45,998.375,0.15000000000009095,hft_dominated,1768731038.485172
526,998.2,998.45,998.325,0.25,hft_dominated,1768731038.485992
527,998.2,998.4,998.3,0.1999999999999318,hft_dominated,1768731038.4878578
528,998.2,998.4,998.3,0.1999999999999318,hft_dominated,1768731038.488652
529,998.15,998.4,998.275,0.25,hft_dominated,1768731038.489374
530,998.2,998.4,998.3,0.1999999999999318,hft_dominated,1768731038.490123
531,998.2,998.4,998.3,0.1999999999999318,hft_dominated,1768731038.490885
532,998.2,998.4,998.3,0.1999999999999318,hft_dominated,1768731038.491565
533,998.15,998.3,998.2249999999999,0.14999999999997726,hft_dominated,1768731038.4922721
534,998.15,998.3,998.2249999999999,0.14999999999997726,hft_dominated,1768731038.492982
535,998.15,998.3,998.2249999999999,0.14999999999997726,hft_dominated,1768731038.493788
536,998.15,998.3,998.2249999999999,0.14999999999997726,hft_dominated,1768731038.49458
537,998.2,998.3,998.25,0.09999999999990905,hft_dominated,1768731038.4953978
538,998.2,998.3,998.25,0.09999999999990905,hft_dominated,1768731038.496149
539,998.2,998.3,998.25,0.09999999999990905,hft_dominated,1768731038.4969
540,998.2,998.3,998.25,0.09999999999990905,hft_dominated,1768731038.497611
541,998.2,998.3,998.25,0.09999999999990905,hft_dominated,1768731038.498295
542,998.2,998.3,998.25,0.09999999999990905,hft_dominated,1768731038.4989598
543,998.2,998.3,998.25,0.09999999999990905,hft_dominated,1768731038.499682
544,998.2,998.3,998.25,0.09999999999990905,hft_dominated,1768731038.500386
545,998.2,998.3,998.25,0.09999999999990905,hft_dominated,1768731038.5011258
546,998.2,998.3,998.25,0.09999999999990905,hft_dominated,1768731038.501819
547,998.15,998.3,998.2249999999999,0.14999999999997726,hft_dominated,1768731038.502677
548,998.2,998.3,998.25,0.09999999999990905,hft_dominated,1768731038.503457
549,998.2,998.3,998.25,0.09999999999990905,hft_dominated,1768731038.504182
550,998.2,998.3,998.25,0.09999999999990905,hft_dominated,1768731038.504925
551,998.2,998.3,998.25,0.09999999999990905,hft_dominated,1768731038.505646
552,998.2,998.4,998.3,0.1999999999999318,hft_dominated,1768731038.506366
553,998.2,998.4,998.3,0.1999999999999318,hft_dominated,1768731038.507045
554,998.15,998.4,998.275,0.25,hft_dominated,1768731038.507773
555,998.2,998.4,998.3,0.1999999999999318,hft_dominated,1768731038.508506
556,998.2,998.4,998.3,0.1999999999999318,hft_dominated,1768731038.5091991
557,998.15,998.4,998.275,0.25,hft_dominated,1768731038.509912
558,998.3,998.4,998.3499999999999,0.10000000000002274,hft_dominated,1768731038.510698
559,998.3,998.4,998.3499999999999,0.10000000000002274,hft_dominated,1768731038.5114439
560,998.3,998.4,998.3499999999999,0.10000000000002274,hft_dominated,1768731038.512151
561,998.2,998.4,998.3,0.1999999999999318,hft_dominated,1768731038.512825
562,998.2,998.4,998.3,0.1999999999999318,hft_dominated,1768731038.51353
563,998.2,998.3,998.25,0.09999999999990905,hft_dominated,1768731038.514229
564,998.2,998.3,998.25,0.09999999999990905,hft_dominated,1768731038.515039
565,998.2,998.3,998.25,0.09999999999990905,hft_dominated,1768731038.515759
566,998.15,998.3,998.2249999999999,0.14999999999997726,hft_dominated,1768731038.516513
567,998.15,998.2,998.175,0.05000000000006821,hft_dominated,1768731038.517218
568,998.15,998.2,998.175,0.05000000000006821,hft_dominated,1768731038.517896
569,998.15,998.3,998.2249999999999,0.14999999999997726,hft_dominated,1768731038.518867
570,998.15,998.3,998.2249999999999,0.14999999999997726,hft_dominated,1768731038.519679
571,998.15,998.2,998.175,0.05000000000006821,hft_dominated,1768731038.520473
572,998.15,998.2,998.175,0.05000000000006821,hft_dominated,1768731038.5212128
573,998.15,998.2,998.175,0.05000000000006821,hft_dominated,1768731038.521919
574,998.15,998.2,998.175,0.05000000000006821,hft_dominated,1768731038.52271
575,998.15,998.2,998.175,0.05000000000006821,hft_dominated,1768731038.523741
576,998.15,998.2,998.175,0.05000000000006821,hft_dominated,1768731038.524571
577,998.15,998.2,998.175,0.05000000000006821,hft_dominated,1768731038.5253131
578,998.15,998.2,998.175,0.05000000000006821,hft_dominated,1768731038.526067
579,998.15,998.2,998.175,0.05000000000006821,hft_dominated,1768731038.526787
580,998.15,998.2,998.175,0.05000000000006821,hft_dominated,1768731038.5275562
581,998.15,998.3,998.2249999999999,0.14999999999997726,hft_dominated,1768731038.528288
582,998.2,998.4,998.3,0.1999999999999318,hft_dominated,1768731038.529021
583,998.25,998.4,998.325,0.14999999999997726,hft_dominated,1768731038.53123
584,998.25,998.4,998.325,0.14999999999997726,hft_dominated,1768731038.532075
585,998.25,998.4,998.325,0.14999999999997726,hft_dominated,1768731038.5328481
586,998.25,998.4,998.325,0.14999999999997726,hft_dominated,1768731038.533577
587,998.25,998.4,998.325,0.14999999999997726,hft_dominated,1768731038.534283
588,998.25,998.4,998.325,0.14999999999997726,hft_dominated,1768731038.535008
589,998.25,998.3,998.275,0.049999999999954525,hft_dominated,1768731038.535764
590,998.25,998.4,998.325,0.14999999999997726,hft_dominated,1768731038.536523
591,998.25,998.4,998.325,0.14999999999997726,hft_dominated,1768731038.537314
592,998.25,998.4,998.325,0.14999999999997726,hft_dominated,1768731038.5382998
593,998.25,998.4,998.325,0.14999999999997726,hft_dominated,1768731038.5394502
594,998.25,998.4,998.325,0.14999999999997726,hft_dominated,1768731038.540478
595,998.25,998.4,998.325,0.14999999999997726,hft_dominated,1768731038.541313
596,998.3,998.4,998.3499999999999,0.10000000000002274,hft_dominated,1768731038.542374
597,998.25,998.4,998.325,0.14999999999997726,hft_dominated,1768731038.5432372
598,998.25,998.4,998.325,0.14999999999997726,hft_dominated,1768731038.5442932
599,998.25,998.4,998.325,0.14999999999997726,hft_dominated,1768731038.545237
600,998.25,998.4,998.325,0.14999999999997726,hft_dominated,1768731038.546079
601,998.3,998.4,998.3499999999999,0.10000000000002274,hft_dominated,1768731038.547895
602,998.3,998.4,998.3499999999999,0.10000000000002274,hft_dominated,1768731038.548735
603,998.3,998.4,998.3499999999999,0.10000000000002274,hft_dominated,1768731038.549542
604,998.3,998.4,998.3499999999999,0.10000000000002274,hft_dominated,1768731038.550406
605,998.3,998.4,998.3499999999999,0.10000000000002274,hft_dominated,1768731038.55122
606,998.3,998.4,998.3499999999999,0.10000000000002274,hft_dominated,1768731038.552203
607,998.3,998.4,998.3499999999999,0.10000000000002274,hft_dominated,1768731038.553066
608,998.3,998.4,998.3499999999999,0.10000000000002274,hft_dominated,1768731038.553855
609,998.3,998.4,998.3499999999999,0.10000000000002274,hft_dominated,1768731038.5548081
610,998.3,998.4,998.3499999999999,0.10000000000002274,hft_dominated,1768731038.555809
611,998.3,998.4,998.3499999999999,0.10000000000002274,hft_dominated,1768731038.5566888
612,998.3,998.4,998.3499999999999,0.10000000000002274,hft_dominated,1768731038.557697
613,998.25,998.4,998.325,0.14999999999997726,hft_dominated,1768731038.558594
614,998.25,998.4,998.325,0.14999999999997726,hft_dominated,1768731038.5593998
615,998.3,998.4,998.3499999999999,0.10000000000002274,hft_dominated,1768731038.560113
616,998.3,998.4,998.3499999999999,0.10000000000002274,hft_dominated,1768731038.561502
617,998.3,998.4,998.3499999999999,0.10000000000002274,hft_dominated,1768731038.562596
618,998.3,998.4,998.3499999999999,0.10000000000002274,hft_dominated,1768731038.563675
619,998.3,998.4,998.3499999999999,0.10000000000002274,hft_dominated,1768731038.5644941
620,998.3,998.4,998.3499999999999,0.10000000000002274,hft_dominated,1768731038.565206
621,998.3,998.4,998.3499999999999,0.10000000000002274,hft_dominated,1768731038.5659342
622,998.3,998.4,998.3499999999999,0.10000000000002274,hft_dominated,1768731038.566908
623,998.3,998.4,998.3499999999999,0.10000000000002274,hft_dominated,1768731038.567619
624,998.3,998.4,998.3499999999999,0.10000000000002274,hft_dominated,1768731038.568342
625,998.3,998.4,998.3499999999999,0.10000000000002274,hft_dominated,1768731038.569215
626,998.3,998.4,998.3499999999999,0.10000000000002274,hft_dominated,1768731038.569957
627,998.25,998.4,998.325,0.14999999999997726,hft_dominated,1768731038.5706859
628,998.25,998.4,998.325,0.14999999999997726,hft_dominated,1768731038.571382
629,998.25,998.3,998.275,0.049999999999954525,hft_dominated,1768731038.572212
630,998.25,998.3,998.275,0.049999999999954525,hft_dominated,1768731038.572961
631,998.25,998.4,998.325,0.14999999999997726,hft_dominated,1768731038.5740428
632,998.25,998.4,998.325,0.14999999999997726,hft_dominated,1768731038.574868
633,998.25,998.4,998.325,0.14999999999997726,hft_dominated,1768731038.575713
634,998.25,998.4,998.325,0.14999999999997726,hft_dominated,1768731038.5765052
635,998.25,998.4,998.325,0.14999999999997726,hft_dominated,1768731038.577512
636,998.25,998.4,998.325,0.14999999999997726,hft_dominated,1768731038.578321
637,998.25,998.4,998.325,0.14999999999997726,hft_dominated,1768731038.579077
638,998.25,998.4,998.325,0.14999999999997726,hft_dominated,1768731038.579853
639,998.25,998.4,998.325,0.14999999999997726,hft_dominated,1768731038.5806358
640,998.3,998.4,998.3499999999999,0.10000000000002274,hft_dominated,1768731038.5814478
641,998.3,998.4,998.3499999999999,0.10000000000002274,hft_dominated,1768731038.582442
642,998.3,998.4,998.3499999999999,0.10000000000002274,hft_dominated,1768731038.5835142
643,998.3,998.4,998.3499999999999,0.10000000000002274,hft_dominated,1768731038.5846558
644,998.3,998.4,998.3499999999999,0.10000000000002274,hft_dominated,1768731038.585597
645,998.3,998.4,998.3499999999999,0.10000000000002274,hft_dominated,1768731038.586648
646,998.25,998.4,998.325,0.14999999999997726,hft_dominated,1768731038.58741
647,998.25,998.4,998.325,0.14999999999997726,hft_dominated,1768731038.588166
648,998.25,998.4,998.325,0.14999999999997726,hft_dominated,1768731038.588968
649,998.25,998.3,998.275,0.049999999999954525,hft_dominated,1768731038.589735
650,998.25,998.4,998.325,0.14999999999997726,hft_dominated,1768731038.590548
651,998.25,998.4,998.325,0.14999999999997726,hft_dominated,1768731038.591306
652,998.25,998.4,998.325,0.14999999999997726,hft_dominated,1768731038.592088
653,998.25,998.4,998.325,0.14999999999997726,hft_dominated,1768731038.592959
654,998.25,998.3,998.275,0.049999999999954525,hft_dominated,1768731038.593871
655,998.25,998.3,998.275,0.049999999999954525,hft_dominated,1768731038.595276
656,998.3,998.4,998.3499999999999,0.10000000000002274,hft_dominated,1768731038.59628
657,998.3,998.4,998.3499999999999,0.10000000000002274,hft_dominated,1768731038.597246
658,998.3,998.4,998.3499999999999,0.10000000000002274,hft_dominated,1768731038.598233
659,998.25,998.4,998.325,0.14999999999997726,hft_dominated,1768731038.599236
660,998.25,998.4,998.325,0.14999999999997726,hft_dominated,1768731038.600436
661,998.25,998.4,998.325,0.14999999999997726,hft_dominated,1768731038.601354
662,998.25,998.3,998.275,0.049999999999954525,hft_dominated,1768731038.6021771
663,998.25,998.3,998.275,0.049999999999954525,hft_dominated,1768731038.603303
664,998.25,998.4,998.325,0.14999999999997726,hft_dominated,1768731038.6043851
665,998.25,998.4,998.325,0.14999999999997726,hft_dominated,1768731038.605609
666,998.25,998.3,998.275,0.049999999999954525,hft_dominated,1768731038.606512
667,998.25,998.4,998.325,0.14999999999997726,hft_dominated,1768731038.607263
668,998.25,998.4,998.325,0.14999999999997726,hft_dominated,1768731038.6080499
669,998.3,998.4,998.3499999999999,0.10000000000002274,hft_dominated,1768731038.6088
670,998.3,998.4,998.3499999999999,0.10000000000002274,hft_dominated,1768731038.6095622
671,998.3,998.4,998.3499999999999,0.10000000000002274,hft_dominated,1768731038.6103091
672,998.3,998.4,998.3499999999999,0.10000000000002274,hft_dominated,1768731038.611248
673,998.3,998.4,998.3499999999999,0.10000000000002274,hft_dominated,1768731038.6121862
674,998.3,998.4,998.3499999999999,0.10000000000002274,hft_dominated,1768731038.6129541
675,998.3,998.4,998.3499999999999,0.10000000000002274,hft_dominated,1768731038.613899
676,998.3,998.4,998.3499999999999,0.10000000000002274,hft_dominated,1768731038.6146371
677,998.3,998.4,998.3499999999999,0.10000000000002274,hft_dominated,1768731038.615378
678,998.3,998.4,998.3499999999999,0.10000000000002274,hft_dominated,1768731038.6160698
679,998.3,998.4,998.3499999999999,0.10000000000002274,hft_dominated,1768731038.6167848
680,998.3,998.4,998.3499999999999,0.10000000000002274,hft_dominated,1768731038.6175191
681,998.3,998.4,998.3499999999999,0.10000000000002274,hft_dominated,1768731038.618217
682,998.25,998.4,998.325,0.14999999999997726,hft_dominated,1768731038.6190138
683,998.25,998.3,998.275,0.049999999999954525,hft_dominated,1768731038.619829
684,998.25,998.3,998.275,0.049999999999954525,hft_dominated,1768731038.620553
685,998.25,998.3,998.275,0.049999999999954525,hft_dominated,1768731038.621257
686,998.25,998.4,998.325,0.14999999999997726,hft_dominated,1768731038.621995
687,998.25,998.4,998.325,0.14999999999997726,hft_dominated,1768731038.622711
688,998.25,998.3,998.275,0.049999999999954525,hft_dominated,1768731038.623414
689,998.25,998.3,998.275,0.049999999999954525,hft_dominated,1768731038.624119
690,998.25,998.3,998.275,0.049999999999954525,hft_dominated,1768731038.624833
691,998.25,998.3,998.275,0.049999999999954525,hft_dominated,1768731038.625571
692,998.25,998.4,998.325,0.14999999999997726,hft_dominated,1768731038.626296
693,998.25,998.4,998.325,0.14999999999997726,hft_dominated,1768731038.627024
694,998.25,998.4,998.325,0.14999999999997726,hft_dominated,1768731038.6279411
695,998.25,998.4,998.325,0.14999999999997726,hft_dominated,1768731038.62875
696,998.25,998.4,998.325,0.14999999999997726,hft_dominated,1768731038.629471
697,998.25,998.4,998.325,0.14999999999997726,hft_dominated,1768731038.630126
698,998.25,998.4,998.325,0.14999999999997726,hft_dominated,1768731038.630806
699,998.25,998.4,998.325,0.14999999999997726,hft_dominated,1768731038.631524
700,998.3,998.4,998.3499999999999,0.10000000000002274,hft_dominated,1768731038.6323352
701,998.3,998.4,998.3499999999999,0.10000000000002274,hft_dominated,1768731038.633151
702,998.3,998.4,998.3499999999999,0.10000000000002274,hft_dominated,1768731038.634115
703,998.3,998.4,998.3499999999999,0.10000000000002274,hft_dominated,1768731038.6348412
704,998.25,998.4,998.325,0.14999999999997726,hft_dominated,1768731038.6356218
705,998.25,998.4,998.325,0.14999999999997726,hft_dominated,1768731038.636509
706,998.25,998.4,998.325,0.14999999999997726,hft_dominated,1768731038.637386
707,998.25,998.4,998.325,0.14999999999997726,hft_dominated,1768731038.638112
708,998.25,998.3,998.275,0.049999999999954525,hft_dominated,1768731038.6388202
709,998.25,998.3,998.275,0.049999999999954525,hft_dominated,1768731038.6395562
710,998.25,998.3,998.275,0.049999999999954525,hft_dominated,1768731038.6402812
711,998.25,998.3,998.275,0.049999999999954525,hft_dominated,1768731038.641063
712,998.25,998.3,998.275,0.049999999999954525,hft_dominated,1768731038.641786
713,998.25,998.3,998.275,0.049999999999954525,hft_dominated,1768731038.642578
714,998.25,998.3,998.275,0.049999999999954525,hft_dominated,1768731038.643409
715,998.25,998.3,998.275,0.049999999999954525,hft_dominated,1768731038.644419
716,998.25,998.3,998.275,0.049999999999954525,hft_dominated,1768731038.6451762
717,998.25,998.3,998.275,0.049999999999954525,hft_dominated,1768731038.645877
718,998.25,998.3,998.275,0.049999999999954525,hft_dominated,1768731038.646529
719,998.25,998.3,998.275,0.049999999999954525,hft_dominated,1768731038.6472461
720,998.25,998.4,998.325,0.14999999999997726,hft_dominated,1768731038.647969
721,998.25,998.4,998.325,0.14999999999997726,hft_dominated,1768731038.648722
722,998.25,998.3,998.275,0.049999999999954525,hft_dominated,1768731038.649421
723,998.25,998.3,998.275,0.049999999999954525,hft_dominated,1768731038.650121
724,998.25,998.3,998.275,0.049999999999954525,hft_dominated,1768731038.650817
725,998.25,998.3,998.275,0.049999999999954525,hft_dominated,1768731038.651546
726,998.25,998.3,998.275,0.049999999999954525,hft_dominated,1768731038.652311
727,998.25,998.3,998.275,0.049999999999954525,hft_dominated,1768731038.653147
728,998.25,998.3,998.275,0.049999999999954525,hft_dominated,1768731038.654093
729,998.25,998.4,998.325,0.14999999999997726,hft_dominated,1768731038.654958
730,998.25,998.4,998.325,0.14999999999997726,hft_dominated,1768731038.6557949
731,998.25,998.4,998.325,0.14999999999997726,hft_dominated,1768731038.6565561
732,998.2,998.4,998.3,0.1999999999999318,hft_dominated,1768731038.657526
733,998.2,998.4,998.3,0.1999999999999318,hft_dominated,1768731038.658299
734,998.15,998.4,998.275,0.25,hft_dominated,1768731038.659067
735,998.2,998.35,998.2750000000001,0.14999999999997726,hft_dominated,1768731038.661265
736,998.15,998.35,998.25,0.20000000000004547,hft_dominated,1768731038.662196
737,998.15,998.35,998.25,0.20000000000004547,hft_dominated,1768731038.663012
738,998.2,998.35,998.2750000000001,0.14999999999997726,hft_dominated,1768731038.663845
739,998.2,998.35,998.2750000000001,0.14999999999997726,hft_dominated,1768731038.664802
740,998.2,998.3,998.25,0.09999999999990905,hft_dominated,1768731038.6658182
741,998.15,998.3,998.2249999999999,0.14999999999997726,hft_dominated,1768731038.666671
742,998.15,998.3,998.2249999999999,0.14999999999997726,hft_dominated,1768731038.6674519
743,998.15,998.3,998.2249999999999,0.14999999999997726,hft_dominated,1768731038.6682088
744,998.15,998.2,998.175,0.05000000000006821,hft_dominated,1768731038.669055
745,998.15,998.2,998.175,0.05000000000006821,hft_dominated,1768731038.669984
746,998.15,998.3,998.2249999999999,0.14999999999997726,hft_dominated,1768731038.6708338
747,998.15,998.3,998.2249999999999,0.14999999999997726,hft_dominated,1768731038.672141
748,998.15,998.3,998.2249999999999,0.14999999999997726,hft_dominated,1768731038.6731699
749,998.15,998.3,998.2249999999999,0.14999999999997726,hft_dominated,1768731038.6739368
750,998.15,998.2,998.175,0.05000000000006821,hft_dominated,1768731038.674804
751,998.2,998.3,998.25,0.09999999999990905,hft_dominated,1768731038.6756139
752,998.2,998.3,998.25,0.09999999999990905,hft_dominated,1768731038.676369
753,998.2,998.3,998.25,0.09999999999990905,hft_dominated,1768731038.677228
754,998.2,998.3,998.25,0.09999999999990905,hft_dominated,1768731038.67836
755,998.2,998.3,998.25,0.09999999999990905,hft_dominated,1768731038.6791859
756,998.2,998.3,998.25,0.09999999999990905,hft_dominated,1768731038.6799538
757,998.2,998.3,998.25,0.09999999999990905,hft_dominated,1768731038.6806982
758,998.2,998.3,998.25,0.09999999999990905,hft_dominated,1768731038.681372
759,998.2,998.35,998.2750000000001,0.14999999999997726,hft_dominated,1768731038.682078
760,998.15,998.35,998.25,0.20000000000004547,hft_dominated,1768731038.6827772
761,998.15,998.35,998.25,0.20000000000004547,hft_dominated,1768731038.68352
762,998.15,998.3,998.2249999999999,0.14999999999997726,hft_dominated,1768731038.684248
763,998.2,998.3,998.25,0.09999999999990905,hft_dominated,1768731038.68493
764,998.2,998.3,998.25,0.09999999999990905,hft_dominated,1768731038.685809
765,998.2,998.3,998.25,0.09999999999990905,hft_dominated,1768731038.6867409
766,998.2,998.3,998.25,0.09999999999990905,hft_dominated,1768731038.687575
767,998.15,998.3,998.2249999999999,0.14999999999997726,hft_dominated,1768731038.688323
768,998.15,998.3,998.2249999999999,0.14999999999997726,hft_dominated,1768731038.6890738
769,998.15,998.3,998.2249999999999,0.14999999999997726,hft_dominated,1768731038.689852
770,998.15,998.3,998.2249999999999,0.14999999999997726,hft_dominated,1768731038.690732
771,998.15,998.35,998.25,0.20000000000004547,hft_dominated,1768731038.6914618
772,998.2,998.35,998.2750000000001,0.14999999999997726,hft_dominated,1768731038.692128
773,998.15,998.35,998.25,0.20000000000004547,hft_dominated,1768731038.6928508
774,998.2,998.35,998.2750000000001,0.14999999999997726,hft_dominated,1768731038.693753
775,998.15,998.35,998.25,0.20000000000004547,hft_dominated,1768731038.6946108
776,998.2,998.3,998.25,0.09999999999990905,hft_dominated,1768731038.6954508
777,998.15,998.3,998.2249999999999,0.14999999999997726,hft_dominated,1768731038.696179
778,998.15,998.3,998.2249999999999,0.14999999999997726,hft_dominated,1768731038.696835
779,998.15,998.2,998.175,0.05000000000006821,hft_dominated,1768731038.697522
780,998.15,998.2,998.175,0.05000000000006821,hft_dominated,1768731038.698446
781,998.15,998.2,998.175,0.05000000000006821,hft_dominated,1768731038.6992462
782,998.15,998.2,998.175,0.05000000000006821,hft_dominated,1768731038.699926
783,998.15,998.2,998.175,0.05000000000006821,hft_dominated,1768731038.700578
784,998.15,998.2,998.175,0.05000000000006821,hft_dominated,1768731038.7012532
785,998.15,998.2,998.175,0.05000000000006821,hft_dominated,1768731038.701948
786,998.15,998.2,998.175,0.05000000000006821,hft_dominated,1768731038.702765
787,998.15,998.2,998.175,0.05000000000006821,hft_dominated,1768731038.703587
788,998.15,998.2,998.175,0.05000000000006821,hft_dominated,1768731038.704511
789,998.15,998.2,998.175,0.05000000000006821,hft_dominated,1768731038.705442
790,998.15,998.2,998.175,0.05000000000006821,hft_dominated,1768731038.706468
791,998.15,998.2,998.175,0.05000000000006821,hft_dominated,1768731038.707254
792,998.15,998.2,998.175,0.05000000000006821,hft_dominated,1768731038.708094
793,998.15,998.2,998.175,0.05000000000006821,hft_dominated,1768731038.708881
794,998.15,998.3,998.2249999999999,0.14999999999997726,hft_dominated,1768731038.709609
795,998.15,998.35,998.25,0.20000000000004547,hft_dominated,1768731038.7103329
796,998.3,998.35,998.325,0.05000000000006821,hft_dominated,1768731038.71246
797,998.3,998.35,998.325,0.05000000000006821,hft_dominated,1768731038.7133482
798,998.3,998.35,998.325,0.05000000000006821,hft_dominated,1768731038.714069
799,998.2,998.35,998.2750000000001,0.14999999999997726,hft_dominated,1768731038.714795
800,998.2,998.35,998.2750000000001,0.14999999999997726,hft_dominated,1768731038.715571
801,998.2,998.35,998.2750000000001,0.14999999999997726,hft_dominated,1768731038.716334
802,998.2,998.35,998.2750000000001,0.14999999999997726,hft_dominated,1768731038.717089
803,998.2,998.35,998.2750000000001,0.14999999999997726,hft_dominated,1768731038.7180212
804,998.3,998.35,998.325,0.05000000000006821,hft_dominated,1768731038.718783
805,998.3,998.4,998.3499999999999,0.10000000000002274,hft_dominated,1768731038.719737
806,998.2,998.4,998.3,0.1999999999999318,hft_dominated,1768731038.720646
807,998.3,998.4,998.3499999999999,0.10000000000002274,hft_dominated,1768731038.721401
808,998.3,998.4,998.3499999999999,0.10000000000002274,hft_dominated,1768731038.722114
809,998.3,998.4,998.3499999999999,0.10000000000002274,hft_dominated,1768731038.722959
810,998.3,998.4,998.3499999999999,0.10000000000002274,hft_dominated,1768731038.723841
811,998.3,998.4,998.3499999999999,0.10000000000002274,hft_dominated,1768731038.724729
812,998.3,998.4,998.3499999999999,0.10000000000002274,hft_dominated,1768731038.725753
813,998.3,998.4,998.3499999999999,0.10000000000002274,hft_dominated,1768731038.7266471
814,998.3,998.4,998.3499999999999,0.10000000000002274,hft_dominated,1768731038.727543
815,998.3,998.4,998.3499999999999,0.10000000000002274,hft_dominated,1768731038.728436
816,998.3,998.4,998.3499999999999,0.10000000000002274,hft_dominated,1768731038.729354
817,998.3,998.4,998.3499999999999,0.10000000000002274,hft_dominated,1768731038.730075
818,998.3,998.4,998.3499999999999,0.10000000000002274,hft_dominated,1768731038.730827
819,998.3,998.4,998.3499999999999,0.10000000000002274,hft_dominated,1768731038.731646
820,998.3,998.4,998.3499999999999,0.10000000000002274,hft_dominated,1768731038.7323678
821,998.3,998.4,998.3499999999999,0.10000000000002274,hft_dominated,1768731038.7331111
822,998.3,998.4,998.3499999999999,0.10000000000002274,hft_dominated,1768731038.733866
823,998.3,998.4,998.3499999999999,0.10000000000002274,hft_dominated,1768731038.734585
824,998.3,998.4,998.3499999999999,0.10000000000002274,hft_dominated,1768731038.735324
825,998.3,998.4,998.3499999999999,0.10000000000002274,hft_dominated,1768731038.736174
826,998.3,998.4,998.3499999999999,0.10000000000002274,hft_dominated,1768731038.737024
827,998.3,998.4,998.3499999999999,0.10000000000002274,hft_dominated,1768731038.7378619
828,998.3,998.4,998.3499999999999,0.10000000000002274,hft_dominated,1768731038.738543
829,998.3,998.4,998.3499999999999,0.10000000000002274,hft_dominated,1768731038.739223
830,998.3,998.4,998.3499999999999,0.10000000000002274,hft_dominated,1768731038.739899
831,998.3,998.4,998.3499999999999,0.10000000000002274,hft_dominated,1768731038.74067
832,998.3,998.4,998.3499999999999,0.10000000000002274,hft_dominated,1768731038.7413938
833,998.3,998.4,998.3499999999999,0.10000000000002274,hft_dominated,1768731038.742392
834,998.3,998.4,998.3499999999999,0.10000000000002274,hft_dominated,1768731038.7432058
835,998.3,998.4,998.3499999999999,0.10000000000002274,hft_dominated,1768731038.744031
836,998.3,998.4,998.3499999999999,0.10000000000002274,hft_dominated,1768731038.744811
837,998.3,998.4,998.3499999999999,0.10000000000002274,hft_dominated,1768731038.745644
838,998.3,998.4,998.3499999999999,0.10000000000002274,hft_dominated,1768731038.746453
839,998.3,998.4,998.3499999999999,0.10000000000002274,hft_dominated,1768731038.747249
840,998.3,998.4,998.3499999999999,0.10000000000002274,hft_dominated,1768731038.748013
841,998.2,998.4,998.3,0.1999999999999318,hft_dominated,1768731038.7487822
842,998.3,998.4,998.3499999999999,0.10000000000002274,hft_dominated,1768731038.7495282
843,998.2,998.4,998.3,0.1999999999999318,hft_dominated,1768731038.750308
844,998.3,998.4,998.3499999999999,0.10000000000002274,hft_dominated,1768731038.751049
845,998.3,998.4,998.3499999999999,0.10000000000002274,hft_dominated,1768731038.751828
846,998.3,998.4,998.3499999999999,0.10000000000002274,hft_dominated,1768731038.752741
847,998.3,998.4,998.3499999999999,0.10000000000002274,hft_dominated,1768731038.753564
848,998.3,998.4,998.3499999999999,0.10000000000002274,hft_dominated,1768731038.7543218
849,998.3,998.4,998.3499999999999,0.10000000000002274,hft_dominated,1768731038.7550871
850,998.3,998.4,998.3499999999999,0.10000000000002274,hft_dominated,1768731038.755838
851,998.3,998.4,998.3499999999999,0.10000000000002274,hft_dominated,1768731038.756614
852,998.3,998.4,998.3499999999999,0.10000000000002274,hft_dominated,1768731038.757349
853,998.3,998.4,998.3499999999999,0.10000000000002274,hft_dominated,1768731038.7580311
854,998.3,998.4,998.3499999999999,0.10000000000002274,hft_dominated,1768731038.758781
855,998.3,998.4,998.3499999999999,0.10000000000002274,hft_dominated,1768731038.7595751
856,998.3,998.4,998.3499999999999,0.10000000000002274,hft_dominated,1768731038.7604108
857,998.3,998.4,998.3499999999999,0.10000000000002274,hft_dominated,1768731038.7612522
858,998.3,998.4,998.3499999999999,0.10000000000002274,hft_dominated,1768731038.7620559
859,998.3,998.4,998.3499999999999,0.10000000000002274,hft_dominated,1768731038.762856
860,998.3,998.4,998.3499999999999,0.10000000000002274,hft_dominated,1768731038.763649
861,998.3,998.4,998.3499999999999,0.10000000000002274,hft_dominated,1768731038.764405
862,998.3,998.4,998.3499999999999,0.10000000000002274,hft_dominated,1768731038.765131
863,998.3,998.4,998.3499999999999,0.10000000000002274,hft_dominated,1768731038.765832
864,998.3,998.4,998.3499999999999,0.10000000000002274,hft_dominated,1768731038.766548
865,998.31,998.4,998.355,0.09000000000003183,hft_dominated,1768731038.7685509
866,998.31,998.4,998.355,0.09000000000003183,hft_dominated,1768731038.7693949
867,998.31,998.4,998.355,0.09000000000003183,hft_dominated,1768731038.770294
868,998.31,998.4,998.355,0.09000000000003183,hft_dominated,1768731038.771086
869,998.31,998.4,998.355,0.09000000000003183,hft_dominated,1768731038.7718358
870,998.31,998.4,998.355,0.09000000000003183,hft_dominated,1768731038.772767
871,998.31,998.4,998.355,0.09000000000003183,hft_dominated,1768731038.773532
872,998.31,998.4,998.355,0.09000000000003183,hft_dominated,1768731038.774438
873,998.31,998.4,998.355,0.09000000000003183,hft_dominated,1768731038.77522
874,998.31,998.4,998.355,0.09000000000003183,hft_dominated,1768731038.775968
875,998.31,998.4,998.355,0.09000000000003183,hft_dominated,1768731038.776704
876,998.31,998.4,998.355,0.09000000000003183,hft_dominated,1768731038.7775931
877,998.31,998.45,998.38,0.14000000000010004,hft_dominated,1768731038.7785332
878,998.31,998.45,998.38,0.14000000000010004,hft_dominated,1768731038.7794309
879,998.31,998.45,998.38,0.14000000000010004,hft_dominated,1768731038.7803452
880,998.4,998.45,998.425,0.05000000000006821,hft_dominated,1768731038.781603
881,998.4,998.45,998.425,0.05000000000006821,hft_dominated,1768731038.7825868
882,998.4,998.45,998.425,0.05000000000006821,hft_dominated,1768731038.7834399
883,998.4,998.45,998.425,0.05000000000006821,hft_dominated,1768731038.7843149
884,998.4,998.45,998.425,0.05000000000006821,hft_dominated,1768731038.785137
885,998.4,998.45,998.425,0.05000000000006821,hft_dominated,1768731038.786452
886,998.31,998.45,998.38,0.14000000000010004,hft_dominated,1768731038.787681
887,998.31,998.45,998.38,0.14000000000010004,hft_dominated,1768731038.788409
888,998.31,998.45,998.38,0.14000000000010004,hft_dominated,1768731038.7891688
889,998.31,998.4,998.355,0.09000000000003183,hft_dominated,1768731038.789901
890,998.31,998.4,998.355,0.09000000000003183,hft_dominated,1768731038.790621
891,998.31,998.45,998.38,0.14000000000010004,hft_dominated,1768731038.791369
892,998.31,998.45,998.38,0.14000000000010004,hft_dominated,1768731038.792126
893,998.31,998.45,998.38,0.14000000000010004,hft_dominated,1768731038.7930062
894,998.31,998.45,998.38,0.14000000000010004,hft_dominated,1768731038.7937868
895,998.31,998.45,998.38,0.14000000000010004,hft_dominated,1768731038.7945821
896,998.31,998.45,998.38,0.14000000000010004,hft_dominated,1768731038.795336
897,998.31,998.45,998.38,0.14000000000010004,hft_dominated,1768731038.796028
898,998.31,998.45,998.38,0.14000000000010004,hft_dominated,1768731038.796768
899,998.31,998.45,998.38,0.14000000000010004,hft_dominated,1768731038.7974908
900,998.31,998.45,998.38,0.14000000000010004,hft_dominated,1768731038.7982311
901,998.31,998.4,998.355,0.09000000000003183,hft_dominated,1768731038.798984
902,998.4,998.45,998.425,0.05000000000006821,hft_dominated,1768731038.799666
903,998.4,998.45,998.425,0.05000000000006821,hft_dominated,1768731038.800372
904,998.4,998.45,998.425,0.05000000000006821,hft_dominated,1768731038.801111
905,998.4,998.45,998.425,0.05000000000006821,hft_dominated,1768731038.801779
906,998.4,998.45,998.425,0.05000000000006821,hft_dominated,1768731038.802655
907,998.4,998.45,998.425,0.05000000000006821,hft_dominated,1768731038.8033621
908,998.4,998.45,998.425,0.05000000000006821,hft_dominated,1768731038.804032
909,998.4,998.45,998.425,0.05000000000006821,hft_dominated,1768731038.8047931
910,998.4,998.45,998.425,0.05000000000006821,hft_dominated,1768731038.805515
911,998.4,998.45,998.425,0.05000000000006821,hft_dominated,1768731038.806195
912,998.4,998.45,998.425,0.05000000000006821,hft_dominated,1768731038.806853
913,998.4,998.45,998.425,0.05000000000006821,hft_dominated,1768731038.807532
914,998.31,998.45,998.38,0.14000000000010004,hft_dominated,1768731038.8081868
915,998.32,998.45,998.385,0.12999999999999545,hft_dominated,1768731038.8100538
916,998.32,998.45,998.385,0.12999999999999545,hft_dominated,1768731038.811007
917,998.32,998.45,998.385,0.12999999999999545,hft_dominated,1768731038.8117461
918,998.32,998.45,998.385,0.12999999999999545,hft_dominated,1768731038.8124712
919,998.32,998.4,998.36,0.07999999999992724,hft_dominated,1768731038.813167
920,998.32,998.4,998.36,0.07999999999992724,hft_dominated,1768731038.813878
921,998.32,998.4,998.36,0.07999999999992724,hft_dominated,1768731038.814582
922,998.32,998.4,998.36,0.07999999999992724,hft_dominated,1768731038.815289
923,998.32,998.4,998.36,0.07999999999992724,hft_dominated,1768731038.8159769
924,998.32,998.4,998.36,0.07999999999992724,hft_dominated,1768731038.8168588
925,998.32,998.4,998.36,0.07999999999992724,hft_dominated,1768731038.8175669
926,998.32,998.45,998.385,0.12999999999999545,hft_dominated,1768731038.818254
927,998.32,998.45,998.385,0.12999999999999545,hft_dominated,1768731038.8190699
928,998.4,998.45,998.425,0.05000000000006821,hft_dominated,1768731038.8198059
929,998.4,998.45,998.425,0.05000000000006821,hft_dominated,1768731038.820516
930,998.4,998.45,998.425,0.05000000000006821,hft_dominated,1768731038.8212469
931,998.32,998.45,998.385,0.12999999999999545,hft_dominated,1768731038.821963
932,998.32,998.45,998.385,0.12999999999999545,hft_dominated,1768731038.822674
933,998.32,998.45,998.385,0.12999999999999545,hft_dominated,1768731038.823412
934,998.32,998.45,998.385,0.12999999999999545,hft_dominated,1768731038.8241541
935,998.32,998.45,998.385,0.12999999999999545,hft_dominated,1768731038.824876
936,998.32,998.4,998.36,0.07999999999992724,hft_dominated,1768731038.8255749
937,998.32,998.45,998.385,0.12999999999999545,hft_dominated,1768731038.8264241
938,998.32,998.45,998.385,0.12999999999999545,hft_dominated,1768731038.827165
939,998.32,998.45,998.385,0.12999999999999545,hft_dominated,1768731038.8279428
940,998.32,998.45,998.385,0.12999999999999545,hft_dominated,1768731038.828661
941,998.32,998.45,998.385,0.12999999999999545,hft_dominated,1768731038.829392
942,998.32,998.45,998.385,0.12999999999999545,hft_dominated,1768731038.8301382
943,998.32,998.45,998.385,0.12999999999999545,hft_dominated,1768731038.830879
944,998.32,998.45,998.385,0.12999999999999545,hft_dominated,1768731038.831573
945,998.32,998.45,998.385,0.12999999999999545,hft_dominated,1768731038.832303
946,998.32,998.45,998.385,0.12999999999999545,hft_dominated,1768731038.8330219
947,998.32,998.45,998.385,0.12999999999999545,hft_dominated,1768731038.833736
948,998.4,998.45,998.425,0.05000000000006821,hft_dominated,1768731038.83446
949,998.32,998.45,998.385,0.12999999999999545,hft_dominated,1768731038.835123
950,998.32,998.45,998.385,0.12999999999999545,hft_dominated,1768731038.8359091
951,998.32,998.45,998.385,0.12999999999999545,hft_dominated,1768731038.8366232
952,998.32,998.45,998.385,0.12999999999999545,hft_dominated,1768731038.837328
953,998.32,998.45,998.385,0.12999999999999545,hft_dominated,1768731038.8380039
954,998.32,998.4,998.36,0.07999999999992724,hft_dominated,1768731038.838772
955,998.32,998.45,998.385,0.12999999999999545,hft_dominated,1768731038.8395572
956,998.4,998.45,998.425,0.05000000000006821,hft_dominated,1768731038.8403032
957,998.32,998.45,998.385,0.12999999999999545,hft_dominated,1768731038.8409631
958,998.31,998.4,998.355,0.09000000000003183,hft_dominated,1768731038.841802
959,998.31,998.4,998.355,0.09000000000003183,hft_dominated,1768731038.842607
960,998.31,998.4,998.355,0.09000000000003183,hft_dominated,1768731038.843373
961,998.31,998.4,998.355,0.09000000000003183,hft_dominated,1768731038.844121
962,998.31,998.4,998.355,0.09000000000003183,hft_dominated,1768731038.844894
963,998.31,998.4,998.355,0.09000000000003183,hft_dominated,1768731038.845589
964,998.31,998.4,998.355,0.09000000000003183,hft_dominated,1768731038.846325
965,998.32,998.45,998.385,0.12999999999999545,hft_dominated,1768731038.848001
966,998.32,998.45,998.385,0.12999999999999545,hft_dominated,1768731038.848898
967,998.32,998.45,998.385,0.12999999999999545,hft_dominated,1768731038.8497941
968,998.32,998.45,998.385,0.12999999999999545,hft_dominated,1768731038.851131
969,998.32,998.45,998.385,0.12999999999999545,hft_dominated,1768731038.8521101
970,998.32,998.4,998.36,0.07999999999992724,hft_dominated,1768731038.853176
971,998.32,998.4,998.36,0.07999999999992724,hft_dominated,1768731038.854044
972,998.32,998.4,998.36,0.07999999999992724,hft_dominated,1768731038.855032
973,998.32,998.4,998.36,0.07999999999992724,hft_dominated,1768731038.855783
974,998.32,998.45,998.385,0.12999999999999545,hft_dominated,1768731038.856538
975,998.32,998.45,998.385,0.12999999999999545,hft_dominated,1768731038.857291
976,998.32,998.45,998.385,0.12999999999999545,hft_dominated,1768731038.858017
977,998.32,998.45,998.385,0.12999999999999545,hft_dominated,1768731038.858757
978,998.32,998.45,998.385,0.12999999999999545,hft_dominated,1768731038.859498
979,998.32,998.4,998.36,0.07999999999992724,hft_dominated,1768731038.860296
980,998.32,998.4,998.36,0.07999999999992724,hft_dominated,1768731038.8610492
981,998.32,998.45,998.385,0.12999999999999545,hft_dominated,1768731038.861891
982,998.32,998.45,998.385,0.12999999999999545,hft_dominated,1768731038.862619
983,998.32,998.45,998.385,0.12999999999999545,hft_dominated,1768731038.863372
984,998.32,998.4,998.36,0.07999999999992724,hft_dominated,1768731038.864102
985,998.32,998.4,998.36,0.07999999999992724,hft_dominated,1768731038.864848
986,998.32,998.4,998.36,0.07999999999992724,hft_dominated,1768731038.8655722
987,998.32,998.4,998.36,0.07999999999992724,hft_dominated,1768731038.866252
988,998.32,998.4,998.36,0.07999999999992724,hft_dominated,1768731038.866892
989,998.32,998.4,998.36,0.07999999999992724,hft_dominated,1768731038.8678021
990,998.32,998.4,998.36,0.07999999999992724,hft_dominated,1768731038.868536
991,998.32,998.4,998.36,0.07999999999992724,hft_dominated,1768731038.8693619
992,998.32,998.45,998.385,0.12999999999999545,hft_dominated,1768731038.870143
993,998.32,998.45,998.385,0.12999999999999545,hft_dominated,1768731038.870872
994,998.32,998.4,998.36,0.07999999999992724,hft_dominated,1768731038.871562
995,998.32,998.4,998.36,0.07999999999992724,hft_dominated,1768731038.872227
996,998.32,998.4,998.36,0.07999999999992724,hft_dominated,1768731038.8729029
997,998.32,998.4,998.36,0.07999999999992724,hft_dominated,1768731038.873733
998,998.32,998.4,998.36,0.07999999999992724,hft_dominated,1768731038.874499
999,998.32,998.4,998.36,0.07999999999992724,hft_dominated,1768731038.875225
1000,998.32,998.4,998.36,0.07999999999992724,hft_dominated,1768731038.875967
1001,998.32,998.4,998.36,0.07999999999992724,hft_dominated,1768731038.876773
1002,998.32,998.45,998.385,0.12999999999999545,hft_dominated,1768731038.877666
1003,998.32,998.45,998.385,0.12999999999999545,hft_dominated,1768731038.8784928
1004,998.32,998.4,998.36,0.07999999999992724,hft_dominated,1768731038.879311
1005,998.32,998.4,998.36,0.07999999999992724,hft_dominated,1768731038.8801122
1006,998.32,998.4,998.36,0.07999999999992724,hft_dominated,1768731038.880876
1007,998.32,998.4,998.36,0.07999999999992724,hft_dominated,1768731038.8816562
1008,998.32,998.4,998.36,0.07999999999992724,hft_dominated,1768731038.882432
1009,998.32,998.45,998.385,0.12999999999999545,hft_dominated,1768731038.883274
1010,998.32,998.45,998.385,0.12999999999999545,hft_dominated,1768731038.88414
1011,998.32,998.45,998.385,0.12999999999999545,hft_dominated,1768731038.885077
1012,998.32,998.45,998.385,0.12999999999999545,hft_dominated,1768731038.886591
1013,998.32,998.45,998.385,0.12999999999999545,hft_dominated,1768731038.887606
1014,998.32,998.45,998.385,0.12999999999999545,hft_dominated,1768731038.888389
1015,998.33,998.45,998.3900000000001,0.12000000000000455,hft_dominated,1768731038.89049
1016,998.4,998.45,998.425,0.05000000000006821,hft_dominated,1768731038.891383
1017,998.4,998.45,998.425,0.05000000000006821,hft_dominated,1768731038.8921568
1018,998.33,998.45,998.3900000000001,0.12000000000000455,hft_dominated,1768731038.892902
1019,998.33,998.4,998.365,0.06999999999993634,hft_dominated,1768731038.893665
1020,998.33,998.45,998.3900000000001,0.12000000000000455,hft_dominated,1768731038.89458
1021,998.33,998.45,998.3900000000001,0.12000000000000455,hft_dominated,1768731038.8953972
1022,998.33,998.45,998.3900000000001,0.12000000000000455,hft_dominated,1768731038.8961349
1023,998.33,998.45,998.3900000000001,0.12000000000000455,hft_dominated,1768731038.897059
1024,998.33,998.45,998.3900000000001,0.12000000000000455,hft_dominated,1768731038.8978932
1025,998.33,998.45,998.3900000000001,0.12000000000000455,hft_dominated,1768731038.898669
1026,998.33,998.45,998.3900000000001,0.12000000000000455,hft_dominated,1768731038.899512
1027,998.33,998.45,998.3900000000001,0.12000000000000455,hft_dominated,1768731038.9003148
1028,998.33,998.45,998.3900000000001,0.12000000000000455,hft_dominated,1768731038.9010618
1029,998.33,998.4,998.365,0.06999999999993634,hft_dominated,1768731038.901828
1030,998.33,998.4,998.365,0.06999999999993634,hft_dominated,1768731038.9026759
1031,998.33,998.4,998.365,0.06999999999993634,hft_dominated,1768731038.9034188
1032,998.4,998.45,998.425,0.05000000000006821,hft_dominated,1768731038.904133
1033,998.4,998.45,998.425,0.05000000000006821,hft_dominated,1768731038.904895
1034,998.4,998.45,998.425,0.05000000000006821,hft_dominated,1768731038.905699
1035,998.4,998.45,998.425,0.05000000000006821,hft_dominated,1768731038.906501
1036,998.4,998.45,998.425,0.05000000000006821,hft_dominated,1768731038.907268
1037,998.4,998.45,998.425,0.05000000000006821,hft_dominated,1768731038.908073
1038,998.4,998.45,998.425,0.05000000000006821,hft_dominated,1768731038.9088142
1039,998.4,998.45,998.425,0.05000000000006821,hft_dominated,1768731038.909517
1040,998.4,998.45,998.425,0.05000000000006821,hft_dominated,1768731038.910274
1041,998.4,998.45,998.425,0.05000000000006821,hft_dominated,1768731038.911237
1042,998.4,998.45,998.425,0.05000000000006821,hft_dominated,1768731038.9119942
1043,998.4,998.45,998.425,0.05000000000006821,hft_dominated,1768731038.912708
1044,998.4,998.45,998.425,0.05000000000006821,hft_dominated,1768731038.913462
1045,998.33,998.45,998.3900000000001,0.12000000000000455,hft_dominated,1768731038.9142091
1046,998.33,998.4,998.365,0.06999999999993634,hft_dominated,1768731038.914925
1047,998.33,998.4,998.365,0.06999999999993634,hft_dominated,1768731038.9156868
1048,998.33,998.4,998.365,0.06999999999993634,hft_dominated,1768731038.916478
1049,998.33,998.4,998.365,0.06999999999993634,hft_dominated,1768731038.917244
1050,998.33,998.4,998.365,0.06999999999993634,hft_dominated,1768731038.918004
1051,998.33,998.4,998.365,0.06999999999993634,hft_dominated,1768731038.9188108
1052,998.33,998.4,998.365,0.06999999999993634,hft_dominated,1768731038.9196448
1053,998.33,998.4,998.365,0.06999999999993634,hft_dominated,1768731038.92044
1054,998.33,998.4,998.365,0.06999999999993634,hft_dominated,1768731038.9211688
1055,998.33,998.4,998.365,0.06999999999993634,hft_dominated,1768731038.9218712
1056,998.33,998.4,998.365,0.06999999999993634,hft_dominated,1768731038.9225888
1057,998.33,998.4,998.365,0.06999999999993634,hft_dominated,1768731038.923278
1058,998.33,998.4,998.365,0.06999999999993634,hft_dominated,1768731038.9239628
1059,998.33,998.4,998.365,0.06999999999993634,hft_dominated,1768731038.924716
1060,998.33,998.45,998.3900000000001,0.12000000000000455,hft_dominated,1768731038.925399
1061,998.33,998.45,998.3900000000001,0.12000000000000455,hft_dominated,1768731038.926093
1062,998.33,998.45,998.3900000000001,0.12000000000000455,hft_dominated,1768731038.926807
1063,998.33,998.45,998.3900000000001,0.12000000000000455,hft_dominated,1768731038.9276001
1064,998.33,998.45,998.3900000000001,0.12000000000000455,hft_dominated,1768731038.928305
1065,998.34,998.4,998.37,0.05999999999994543,hft_dominated,1768731038.9302342
1066,998.34,998.45,998.395,0.11000000000001364,hft_dominated,1768731038.931062
1067,998.34,998.4,998.37,0.05999999999994543,hft_dominated,1768731038.931828
1068,998.34,998.45,998.395,0.11000000000001364,hft_dominated,1768731038.93254
1069,998.4,998.45,998.425,0.05000000000006821,hft_dominated,1768731038.933271
1070,998.4,998.45,998.425,0.05000000000006821,hft_dominated,1768731038.934007
1071,998.4,998.45,998.425,0.05000000000006821,hft_dominated,1768731038.9347231
1072,998.34,998.45,998.395,0.11000000000001364,hft_dominated,1768731038.935534
1073,998.4,998.45,998.425,0.05000000000006821,hft_dominated,1768731038.936555
1074,998.34,998.45,998.395,0.11000000000001364,hft_dominated,1768731038.937396
1075,998.34,998.45,998.395,0.11000000000001364,hft_dominated,1768731038.93812
1076,998.34,998.45,998.395,0.11000000000001364,hft_dominated,1768731038.938816
1077,998.34,998.45,998.395,0.11000000000001364,hft_dominated,1768731038.939502
1078,998.34,998.45,998.395,0.11000000000001364,hft_dominated,1768731038.940222
1079,998.4,998.45,998.425,0.05000000000006821,hft_dominated,1768731038.940921
1080,998.34,998.45,998.395,0.11000000000001364,hft_dominated,1768731038.941632
1081,998.34,998.45,998.395,0.11000000000001364,hft_dominated,1768731038.9423559
1082,998.34,998.45,998.395,0.11000000000001364,hft_dominated,1768731038.943104
1083,998.4,998.45,998.425,0.05000000000006821,hft_dominated,1768731038.94383
1084,998.4,998.45,998.425,0.05000000000006821,hft_dominated,1768731038.9445639
1085,998.4,998.45,998.425,0.05000000000006821,hft_dominated,1768731038.9452538
1086,998.4,998.45,998.425,0.05000000000006821,hft_dominated,1768731038.9459589
1087,998.34,998.45,998.395,0.11000000000001364,hft_dominated,1768731038.946652
1088,998.34,998.45,998.395,0.11000000000001364,hft_dominated,1768731038.9473689
1089,998.34,998.45,998.395,0.11000000000001364,hft_dominated,1768731038.948065
1090,998.34,998.45,998.395,0.11000000000001364,hft_dominated,1768731038.948716
1091,998.34,998.45,998.395,0.11000000000001364,hft_dominated,1768731038.9493802
1092,998.4,998.45,998.425,0.05000000000006821,hft_dominated,1768731038.950051
1093,998.4,998.45,998.425,0.05000000000006821,hft_dominated,1768731038.950894
1094,998.4,998.45,998.425,0.05000000000006821,hft_dominated,1768731038.951604
1095,998.4,998.45,998.425,0.05000000000006821,hft_dominated,1768731038.9524539
1096,998.4,998.45,998.425,0.05000000000006821,hft_dominated,1768731038.9532108
1097,998.4,998.45,998.425,0.05000000000006821,hft_dominated,1768731038.953877
1098,998.4,998.45,998.425,0.05000000000006821,hft_dominated,1768731038.954595
1099,998.4,998.45,998.425,0.05000000000006821,hft_dominated,1768731038.955316
1100,998.4,998.45,998.425,0.05000000000006821,hft_dominated,1768731038.95604
1101,998.4,998.45,998.425,0.05000000000006821,hft_dominated,1768731038.956737
1102,998.4,998.45,998.425,0.05000000000006821,hft_dominated,1768731038.957439
1103,998.34,998.45,998.395,0.11000000000001364,hft_dominated,1768731038.9581492
1104,998.4,998.45,998.425,0.05000000000006821,hft_dominated,1768731038.958835
1105,998.4,998.45,998.425,0.05000000000006821,hft_dominated,1768731038.959512
1106,998.4,998.45,998.425,0.05000000000006821,hft_dominated,1768731038.960215
1107,998.34,998.45,998.395,0.11000000000001364,hft_dominated,1768731038.961049
1108,998.34,998.45,998.395,0.11000000000001364,hft_dominated,1768731038.961843
1109,998.34,998.45,998.395,0.11000000000001364,hft_dominated,1768731038.96261
1110,998.34,998.45,998.395,0.11000000000001364,hft_dominated,1768731038.963321
1111,998.34,998.45,998.395,0.11000000000001364,hft_dominated,1768731038.9640682
1112,998.34,998.45,998.395,0.11000000000001364,hft_dominated,1768731038.9648042
1113,998.34,998.4,998.37,0.05999999999994543,hft_dominated,1768731038.9655292
1114,998.34,998.45,998.395,0.11000000000001364,hft_dominated,1768731038.966253
1115,998.4,998.45,998.425,0.05000000000006821,hft_dominated,1768731038.968131
1116,998.4,998.45,998.425,0.05000000000006821,hft_dominated,1768731038.9690251
1117,998.4,998.45,998.425,0.05000000000006821,hft_dominated,1768731038.969834
1118,998.4,998.45,998.425,0.05000000000006821,hft_dominated,1768731038.970635
1119,998.4,998.45,998.425,0.05000000000006821,hft_dominated,1768731038.971408
1120,998.35,998.45,998.4000000000001,0.10000000000002274,hft_dominated,1768731038.972157
1121,998.35,998.45,998.4000000000001,0.10000000000002274,hft_dominated,1768731038.97294
1122,998.35,998.45,998.4000000000001,0.10000000000002274,hft_dominated,1768731038.9737542
1123,998.35,998.45,998.4000000000001,0.10000000000002274,hft_dominated,1768731038.974742
1124,998.35,998.4,998.375,0.049999999999954525,hft_dominated,1768731038.975544
1125,998.35,998.4,998.375,0.049999999999954525,hft_dominated,1768731038.9763699
1126,998.35,998.4,998.375,0.049999999999954525,hft_dominated,1768731038.9771872
1127,998.35,998.4,998.375,0.049999999999954525,hft_dominated,1768731038.9779892
1128,998.35,998.4,998.375,0.049999999999954525,hft_dominated,1768731038.978796
1129,998.35,998.4,998.375,0.049999999999954525,hft_dominated,1768731038.979583
1130,998.35,998.4,998.375,0.049999999999954525,hft_dominated,1768731038.9803772
1131,998.35,998.4,998.375,0.049999999999954525,hft_dominated,1768731038.98119
1132,998.35,998.4,998.375,0.049999999999954525,hft_dominated,1768731038.981995
1133,998.35,998.4,998.375,0.049999999999954525,hft_dominated,1768731038.982763
1134,998.35,998.4,998.375,0.049999999999954525,hft_dominated,1768731038.983544
1135,998.4,998.45,998.425,0.05000000000006821,hft_dominated,1768731038.984319
1136,998.4,998.45,998.425,0.05000000000006821,hft_dominated,1768731038.985135
1137,998.4,998.45,998.425,0.05000000000006821,hft_dominated,1768731038.9860108
1138,998.4,998.45,998.425,0.05000000000006821,hft_dominated,1768731038.986851
1139,998.4,998.45,998.425,0.05000000000006821,hft_dominated,1768731038.9876769
1140,998.4,998.45,998.425,0.05000000000006821,hft_dominated,1768731038.9884899
1141,998.4,998.45,998.425,0.05000000000006821,hft_dominated,1768731038.989276
1142,998.4,998.45,998.425,0.05000000000006821,hft_dominated,1768731038.990048
1143,998.4,998.45,998.425,0.05000000000006821,hft_dominated,1768731038.990835
1144,998.35,998.45,998.4000000000001,0.10000000000002274,hft_dominated,1768731038.991633
1145,998.35,998.45,998.4000000000001,0.10000000000002274,hft_dominated,1768731038.992564
1146,998.35,998.45,998.4000000000001,0.10000000000002274,hft_dominated,1768731038.993336
1147,998.35,998.4,998.375,0.049999999999954525,hft_dominated,1768731038.9942331
1148,998.35,998.45,998.4000000000001,0.10000000000002274,hft_dominated,1768731038.994996
1149,998.4,998.45,998.425,0.05000000000006821,hft_dominated,1768731038.995729
1150,998.4,998.45,998.425,0.05000000000006821,hft_dominated,1768731038.9964721
1151,998.4,998.45,998.425,0.05000000000006821,hft_dominated,1768731038.997189
1152,998.4,998.45,998.425,0.05000000000006821,hft_dominated,1768731038.997967
1153,998.4,998.45,998.425,0.05000000000006821,hft_dominated,1768731038.9986749
1154,998.4,998.45,998.425,0.05000000000006821,hft_dominated,1768731038.99942
1155,998.4,998.45,998.425,0.05000000000006821,hft_dominated,1768731039.000208
1156,998.4,998.45,998.425,0.05000000000006821,hft_dominated,1768731039.0009952
1157,998.4,998.45,998.425,0.05000000000006821,hft_dominated,1768731039.0018618
1158,998.4,998.45,998.425,0.05000000000006821,hft_dominated,1768731039.002681
1159,998.35,998.45,998.4000000000001,0.10000000000002274,hft_dominated,1768731039.0036328
1160,998.35,998.45,998.4000000000001,0.10000000000002274,hft_dominated,1768731039.004431
1161,998.35,998.4,998.375,0.049999999999954525,hft_dominated,1768731039.005151
1162,998.35,998.4,998.375,0.049999999999954525,hft_dominated,1768731039.005883
1163,998.35,998.4,998.375,0.049999999999954525,hft_dominated,1768731039.006785
1164,998.35,998.45,998.4000000000001,0.10000000000002274,hft_dominated,1768731039.007659
1165,998.35,998.45,998.4000000000001,0.10000000000002274,hft_dominated,1768731039.0084531
1166,998.35,998.4,998.375,0.049999999999954525,hft_dominated,1768731039.009182
1167,998.35,998.4,998.375,0.049999999999954525,hft_dominated,1768731039.00992
1168,998.35,998.45,998.4000000000001,0.10000000000002274,hft_dominated,1768731039.0110452
1169,998.4,998.45,998.425,0.05000000000006821,hft_dominated,1768731039.012017
1170,998.4,998.45,998.425,0.05000000000006821,hft_dominated,1768731039.012906
1171,998.4,998.45,998.425,0.05000000000006821,hft_dominated,1768731039.01396
1172,998.4,998.45,998.425,0.05000000000006821,hft_dominated,1768731039.015035
1173,998.4,998.45,998.425,0.05000000000006821,hft_dominated,1768731039.015949
1174,998.4,998.45,998.425,0.05000000000006821,hft_dominated,1768731039.016842
1175,998.4,998.45,998.425,0.05000000000006821,hft_dominated,1768731039.018135
1176,998.4,998.45,998.425,0.05000000000006821,hft_dominated,1768731039.019215
1177,998.4,998.45,998.425,0.05000000000006821,hft_dominated,1768731039.020227
1178,998.4,998.45,998.425,0.05000000000006821,hft_dominated,1768731039.021951
1179,998.4,998.45,998.425,0.05000000000006821,hft_dominated,1768731039.022968
1180,998.4,998.45,998.425,0.05000000000006821,hft_dominated,1768731039.024082
1181,998.35,998.45,998.4000000000001,0.10000000000002274,hft_dominated,1768731039.025142
1182,998.35,998.45,998.4000000000001,0.10000000000002274,hft_dominated,1768731039.025971
1183,998.4,998.45,998.425,0.05000000000006821,hft_dominated,1768731039.026898
1184,998.4,998.45,998.425,0.05000000000006821,hft_dominated,1768731039.028162
1185,998.35,998.45,998.4000000000001,0.10000000000002274,hft_dominated,1768731039.029046
1186,998.35,998.45,998.4000000000001,0.10000000000002274,hft_dominated,1768731039.0298848
1187,998.4,998.45,998.425,0.05000000000006821,hft_dominated,1768731039.0307178
1188,998.35,998.45,998.4000000000001,0.10000000000002274,hft_dominated,1768731039.031553
1189,998.35,998.4,998.375,0.049999999999954525,hft_dominated,1768731039.032392
1190,998.35,998.45,998.4000000000001,0.10000000000002274,hft_dominated,1768731039.033194
1191,998.35,998.4,998.375,0.049999999999954525,hft_dominated,1768731039.034016
1192,998.35,998.4,998.375,0.049999999999954525,hft_dominated,1768731039.034806
1193,998.35,998.4,998.375,0.049999999999954525,hft_dominated,1768731039.0356832
1194,998.35,998.4,998.375,0.049999999999954525,hft_dominated,1768731039.0364878
1195,998.35,998.4,998.375,0.049999999999954525,hft_dominated,1768731039.0372212
1196,998.35,998.4,998.375,0.049999999999954525,hft_dominated,1768731039.0379672
1197,998.35,998.45,998.4000000000001,0.10000000000002274,hft_dominated,1768731039.03895
1198,998.35,998.4,998.375,0.049999999999954525,hft_dominated,1768731039.0397608
1199,998.35,998.4,998.375,0.049999999999954525,hft_dominated,1768731039.040549
1200,998.35,998.4,998.375,0.049999999999954525,hft_dominated,1768731039.041321
1201,998.35,998.4,998.375,0.049999999999954525,hft_dominated,1768731039.042212
1202,998.35,998.4,998.375,0.049999999999954525,hft_dominated,1768731039.043057
1203,998.35,998.4,998.375,0.049999999999954525,hft_dominated,1768731039.0438888
1204,998.35,998.4,998.375,0.049999999999954525,hft_dominated,1768731039.045006
1205,998.4,998.45,998.425,0.05000000000006821,hft_dominated,1768731039.0459478
1206,998.4,998.45,998.425,0.05000000000006821,hft_dominated,1768731039.046813
1207,998.4,998.45,998.425,0.05000000000006821,hft_dominated,1768731039.047677
1208,998.4,998.45,998.425,0.05000000000006821,hft_dominated,1768731039.048623
1209,998.4,998.45,998.425,0.05000000000006821,hft_dominated,1768731039.0493991
1210,998.4,998.45,998.425,0.05000000000006821,hft_dominated,1768731039.050126
1211,998.4,998.45,998.425,0.05000000000006821,hft_dominated,1768731039.050854
1212,998.35,998.45,998.4000000000001,0.10000000000002274,hft_dominated,1768731039.0516732
1213,998.35,998.45,998.4000000000001,0.10000000000002274,hft_dominated,1768731039.052732
1214,998.35,998.45,998.4000000000001,0.10000000000002274,hft_dominated,1768731039.0536351
1215,998.35,998.45,998.4000000000001,0.10000000000002274,hft_dominated,1768731039.0547469
1216,998.4,998.45,998.425,0.05000000000006821,hft_dominated,1768731039.055698
1217,998.4,998.45,998.425,0.05000000000006821,hft_dominated,1768731039.0566232
1218,998.35,998.45,998.4000000000001,0.10000000000002274,hft_dominated,1768731039.057461
1219,998.35,998.4,998.375,0.049999999999954525,hft_dominated,1768731039.058242
1220,998.35,998.4,998.375,0.049999999999954525,hft_dominated,1768731039.059008
1221,998.35,998.4,998.375,0.049999999999954525,hft_dominated,1768731039.059777
1222,998.35,998.4,998.375,0.049999999999954525,hft_dominated,1768731039.060553
1223,998.35,998.4,998.375,0.049999999999954525,hft_dominated,1768731039.061565
1224,998.35,998.4,998.375,0.049999999999954525,hft_dominated,1768731039.062499
1225,998.35,998.4,998.375,0.049999999999954525,hft_dominated,1768731039.0632908
1226,998.35,998.4,998.375,0.049999999999954525,hft_dominated,1768731039.064097
1227,998.35,998.4,998.375,0.049999999999954525,hft_dominated,1768731039.064873
1228,998.35,998.4,998.375,0.049999999999954525,hft_dominated,1768731039.065623
1229,998.35,998.4,998.375,0.049999999999954525,hft_dominated,1768731039.066417
1230,998.35,998.45,998.4000000000001,0.10000000000002274,hft_dominated,1768731039.067165
1231,998.35,998.45,998.4000000000001,0.10000000000002274,hft_dominated,1768731039.067883
1232,998.35,998.45,998.4000000000001,0.10000000000002274,hft_dominated,1768731039.0686011
1233,998.35,998.45,998.4000000000001,0.10000000000002274,hft_dominated,1768731039.069477
1234,998.35,998.45,998.4000000000001,0.10000000000002274,hft_dominated,1768731039.0702841
1235,998.35,998.45,998.4000000000001,0.10000000000002274,hft_dominated,1768731039.0710359
1236,998.35,998.45,998.4000000000001,0.10000000000002274,hft_dominated,1768731039.071757
1237,998.35,998.4,998.375,0.049999999999954525,hft_dominated,1768731039.0725179
1238,998.35,998.4,998.375,0.049999999999954525,hft_dominated,1768731039.073251
1239,998.35,998.4,998.375,0.049999999999954525,hft_dominated,1768731039.073982
1240,998.35,998.4,998.375,0.049999999999954525,hft_dominated,1768731039.074717
1241,998.35,998.45,998.4000000000001,0.10000000000002274,hft_dominated,1768731039.075479
1242,998.35,998.4,998.375,0.049999999999954525,hft_dominated,1768731039.076233
1243,998.35,998.4,998.375,0.049999999999954525,hft_dominated,1768731039.0770009
1244,998.35,998.4,998.375,0.049999999999954525,hft_dominated,1768731039.0778072
1245,998.35,998.4,998.375,0.049999999999954525,hft_dominated,1768731039.078611
1246,998.35,998.4,998.375,0.049999999999954525,hft_dominated,1768731039.07934
1247,998.4,998.45,998.425,0.05000000000006821,hft_dominated,1768731039.080064
1248,998.4,998.45,998.425,0.05000000000006821,hft_dominated,1768731039.080847
1249,998.35,998.45,998.4000000000001,0.10000000000002274,hft_dominated,1768731039.0818229
1250,998.35,998.45,998.4000000000001,0.10000000000002274,hft_dominated,1768731039.0825868
1251,998.35,998.4,998.375,0.049999999999954525,hft_dominated,1768731039.083335
1252,998.35,998.4,998.375,0.049999999999954525,hft_dominated,1768731039.084039
1253,998.35,998.4,998.375,0.049999999999954525,hft_dominated,1768731039.0847502
1254,998.35,998.4,998.375,0.049999999999954525,hft_dominated,1768731039.0854862
1255,998.35,998.45,998.4000000000001,0.10000000000002274,hft_dominated,1768731039.0862238
1256,998.35,998.4,998.375,0.049999999999954525,hft_dominated,1768731039.0869398
