step,bid,ask,mid,spread,scenario,timestamp
0,0.0,0.0,0,0.0,mini_flash_crash,1768730938.96375
1,999.9,1000.1,1000.0,0.20000000000004547,mini_flash_crash,1768730938.9711528
2,999.9,1000.09,999.995,0.19000000000005457,mini_flash_crash,1768730938.9735308
3,1000.0,1000.09,1000.0450000000001,0.09000000000003183,mini_flash_crash,1768730938.974126
4,1000.0,1000.09,1000.0450000000001,0.09000000000003183,mini_flash_crash,1768730938.974675
5,999.3,1000.09,999.6949999999999,0.7900000000000773,mini_flash_crash,1768730938.975115
6,999.3,1000.09,999.6949999999999,0.7900000000000773,mini_flash_crash,1768730938.975654
7,999.2,1000.09,999.645,0.8899999999999864,mini_flash_crash,1768730938.976117
8,999.0,1000.09,999.5450000000001,1.0900000000000318,mini_flash_crash,1768730938.9765
9,999.2,999.9,999.55,0.6999999999999318,mini_flash_crash,1768730938.976884
10,999.4,999.7,999.55,0.3000000000000682,mini_flash_crash,1768730938.97724
11,999.5,999.9,999.7,0.39999999999997726,mini_flash_crash,1768730938.977615
12,999.6,999.8,999.7,0.1999999999999318,mini_flash_crash,1768730938.977993
13,999.5,1000.09,999.7950000000001,0.5900000000000318,mini_flash_crash,1768730938.978327
14,999.7,999.9,999.8,0.1999999999999318,mini_flash_crash,1768730938.9786592
15,999.8,1000.09,999.9449999999999,0.2900000000000773,mini_flash_crash,1768730938.979018
16,999.8,1000.0,999.9,0.20000000000004547,mini_flash_crash,1768730938.9794
17,999.8,1000.09,999.9449999999999,0.2900000000000773,mini_flash_crash,1768730938.97981
18,999.2,1000.09,999.645,0.8899999999999864,mini_flash_crash,1768730938.980166
19,999.5,999.8,999.65,0.2999999999999545,mini_flash_crash,1768730938.9805381
20,998.8,1000.09,999.4449999999999,1.2900000000000773,mini_flash_crash,1768730938.9808562
21,999.3,999.5,999.4,0.20000000000004547,mini_flash_crash,1768730938.981302
22,998.6,1000.09,999.345,1.490000000000009,mini_flash_crash,1768730938.981764
23,998.6,1000.09,999.345,1.490000000000009,mini_flash_crash,1768730938.98223
24,998.5,1000.09,999.2950000000001,1.5900000000000318,mini_flash_crash,1768730938.982625
25,998.7,999.9,999.3,1.1999999999999318,mini_flash_crash,1768730938.9831831
26,998.8,999.8,999.3,1.0,mini_flash_crash,1768730938.983514
27,999.3,1000.0,999.65,0.7000000000000455,mini_flash_crash,1768730938.983904
28,999.6,1000.09,999.845,0.4900000000000091,mini_flash_crash,1768730938.984354
29,999.6,1000.09,999.845,0.4900000000000091,mini_flash_crash,1768730938.984755
30,999.6,1000.09,999.845,0.4900000000000091,mini_flash_crash,1768730938.985112
31,999.6,1000.0,999.8,0.39999999999997726,mini_flash_crash,1768730938.985515
32,999.6,1000.0,999.8,0.39999999999997726,mini_flash_crash,1768730938.9858801
33,999.5,1000.09,999.7950000000001,0.5900000000000318,mini_flash_crash,1768730938.986212
34,999.8,1000.09,999.9449999999999,0.2900000000000773,mini_flash_crash,1768730938.9865448
35,999.8,1000.09,999.9449999999999,0.2900000000000773,mini_flash_crash,1768730938.986872
36,998.8,1000.09,999.4449999999999,1.2900000000000773,mini_flash_crash,1768730938.987196
37,998.8,1000.09,999.4449999999999,1.2900000000000773,mini_flash_crash,1768730938.987563
38,998.8,1000.09,999.4449999999999,1.2900000000000773,mini_flash_crash,1768730938.987982
39,998.8,1000.09,999.4449999999999,1.2900000000000773,mini_flash_crash,1768730938.988361
40,998.9,999.9,999.4,1.0,mini_flash_crash,1768730938.988789
41,999.4,999.8,999.5999999999999,0.39999999999997726,mini_flash_crash,1768730938.9891672
42,999.4,999.9,999.65,0.5,mini_flash_crash,1768730938.989512
43,999.6,999.8,999.7,0.1999999999999318,mini_flash_crash,1768730938.989821
44,999.6,999.8,999.7,0.1999999999999318,mini_flash_crash,1768730938.990153
45,999.7,999.8,999.75,0.09999999999990905,mini_flash_crash,1768730938.990516
46,999.7,999.9,999.8,0.1999999999999318,mini_flash_crash,1768730938.990832
47,999.7,999.9,999.8,0.1999999999999318,mini_flash_crash,1768730938.991157
48,999.8,999.9,999.8499999999999,0.10000000000002274,mini_flash_crash,1768730938.991519
49,999.8,1000.09,999.9449999999999,0.2900000000000773,mini_flash_crash,1768730938.9919071
50,999.8,1000.09,999.9449999999999,0.2900000000000773,mini_flash_crash,1768730938.9922938
51,999.9,1000.09,999.995,0.19000000000005457,mini_flash_crash,1768730938.9965398
52,999.9,1000.08,999.99,0.18000000000006366,mini_flash_crash,1768730938.9987452
53,999.9,1000.08,999.99,0.18000000000006366,mini_flash_crash,1768730938.9998028
54,999.6,1000.08,999.84,0.4800000000000182,mini_flash_crash,1768730939.001158
55,999.7,999.9,999.8,0.1999999999999318,mini_flash_crash,1768730939.002113
56,999.7,999.9,999.8,0.1999999999999318,mini_flash_crash,1768730939.003239
57,999.7,999.9,999.8,0.1999999999999318,mini_flash_crash,1768730939.004595
58,999.5,1000.08,999.79,0.5800000000000409,mini_flash_crash,1768730939.0058692
59,998.9,999.8,999.3499999999999,0.8999999999999773,mini_flash_crash,1768730939.006977
60,998.6,999.4,999.0,0.7999999999999545,mini_flash_crash,1768730939.0091782
61,998.6,999.4,999.0,0.7999999999999545,mini_flash_crash,1768730939.010248
62,998.6,999.4,999.0,0.7999999999999545,mini_flash_crash,1768730939.011261
63,998.3,999.7,999.0,1.400000000000091,mini_flash_crash,1768730939.0122628
64,998.6,999.0,998.8,0.39999999999997726,mini_flash_crash,1768730939.013681
65,998.7,998.9,998.8,0.1999999999999318,mini_flash_crash,1768730939.0151281
66,998.8,999.0,998.9,0.20000000000004547,mini_flash_crash,1768730939.016295
67,998.8,998.9,998.8499999999999,0.10000000000002274,mini_flash_crash,1768730939.0173728
68,998.8,998.9,998.8499999999999,0.10000000000002274,mini_flash_crash,1768730939.018315
69,998.8,998.9,998.8499999999999,0.10000000000002274,mini_flash_crash,1768730939.019273
70,998.8,998.9,998.8499999999999,0.10000000000002274,mini_flash_crash,1768730939.020225
71,998.8,998.9,998.8499999999999,0.10000000000002274,mini_flash_crash,1768730939.021578
72,998.8,998.9,998.8499999999999,0.10000000000002274,mini_flash_crash,1768730939.023254
73,998.8,998.9,998.8499999999999,0.10000000000002274,mini_flash_crash,1768730939.024218
74,998.8,998.9,998.8499999999999,0.10000000000002274,mini_flash_crash,1768730939.0250828
75,998.8,998.9,998.8499999999999,0.10000000000002274,mini_flash_crash,1768730939.026129
76,998.8,998.9,998.8499999999999,0.10000000000002274,mini_flash_crash,1768730939.0271711
77,998.8,998.9,998.8499999999999,0.10000000000002274,mini_flash_crash,1768730939.028208
78,998.8,998.9,998.8499999999999,0.10000000000002274,mini_flash_crash,1768730939.0294569
79,998.8,999.7,999.25,0.900000000000091,mini_flash_crash,1768730939.030474
80,999.2,999.3,999.25,0.09999999999990905,mini_flash_crash,1768730939.0313642
81,998.8,999.3,999.05,0.5,mini_flash_crash,1768730939.032353
82,998.8,999.3,999.05,0.5,mini_flash_crash,1768730939.03326
83,998.9,999.2,999.05,0.3000000000000682,mini_flash_crash,1768730939.034251
84,998.9,999.2,999.05,0.3000000000000682,mini_flash_crash,1768730939.035243
85,998.9,999.2,999.05,0.3000000000000682,mini_flash_crash,1768730939.0361211
86,999.0,999.2,999.1,0.20000000000004547,mini_flash_crash,1768730939.037351
87,998.5,999.1,998.8,0.6000000000000227,mini_flash_crash,1768730939.038749
88,998.5,999.1,998.8,0.6000000000000227,mini_flash_crash,1768730939.041204
89,998.5,999.1,998.8,0.6000000000000227,mini_flash_crash,1768730939.042391
90,997.8,999.1,998.45,1.3000000000000682,mini_flash_crash,1768730939.0433931
91,997.9,999.0,998.45,1.1000000000000227,mini_flash_crash,1768730939.044548
92,997.9,999.0,998.45,1.1000000000000227,mini_flash_crash,1768730939.046394
93,997.6,999.3,998.45,1.6999999999999318,mini_flash_crash,1768730939.0473752
94,997.9,999.0,998.45,1.1000000000000227,mini_flash_crash,1768730939.048218
95,997.8,999.1,998.45,1.3000000000000682,mini_flash_crash,1768730939.049112
96,997.8,999.1,998.45,1.3000000000000682,mini_flash_crash,1768730939.04998
97,997.1,999.8,998.45,2.699999999999932,mini_flash_crash,1768730939.0509021
98,998.0,998.9,998.45,0.8999999999999773,mini_flash_crash,1768730939.051732
99,997.6,999.3,998.45,1.6999999999999318,mini_flash_crash,1768730939.052577
100,997.7,999.2,998.45,1.5,mini_flash_crash,1768730939.053483
101,997.7,999.2,998.45,1.5,mini_flash_crash,1768730939.0543349
102,998.4,998.5,998.45,0.10000000000002274,mini_flash_crash,1768730939.0552351
103,997.5,999.4,998.45,1.8999999999999773,mini_flash_crash,1768730939.056045
104,997.7,999.2,998.45,1.5,mini_flash_crash,1768730939.057112
105,998.1,998.8,998.45,0.6999999999999318,mini_flash_crash,1768730939.0580192
106,998.2,998.7,998.45,0.5,mini_flash_crash,1768730939.058864
107,998.2,998.7,998.45,0.5,mini_flash_crash,1768730939.059677
108,998.4,998.7,998.55,0.3000000000000682,mini_flash_crash,1768730939.06052
109,998.4,998.7,998.55,0.3000000000000682,mini_flash_crash,1768730939.061325
110,998.4,998.8,998.5999999999999,0.39999999999997726,mini_flash_crash,1768730939.06211
111,998.4,998.6,998.5,0.20000000000004547,mini_flash_crash,1768730939.063169
112,998.4,998.6,998.5,0.20000000000004547,mini_flash_crash,1768730939.064202
113,998.0,998.5,998.25,0.5,mini_flash_crash,1768730939.065282
114,998.1,998.3,998.2,0.1999999999999318,mini_flash_crash,1768730939.067661
115,996.8,998.45,997.625,1.650000000000091,mini_flash_crash,1768730939.069041
116,997.5,997.6,997.55,0.10000000000002274,mini_flash_crash,1768730939.070533
117,997.5,997.6,997.55,0.10000000000002274,mini_flash_crash,1768730939.0718908
118,997.5,997.6,997.55,0.10000000000002274,mini_flash_crash,1768730939.07312
119,997.5,997.6,997.55,0.10000000000002274,mini_flash_crash,1768730939.074302
120,997.3,997.6,997.45,0.3000000000000682,mini_flash_crash,1768730939.0755641
121,997.3,997.6,997.45,0.3000000000000682,mini_flash_crash,1768730939.076577
122,996.9,997.6,997.25,0.7000000000000455,mini_flash_crash,1768730939.077533
123,997.0,997.5,997.25,0.5,mini_flash_crash,1768730939.0786822
124,996.8,997.3,997.05,0.5,mini_flash_crash,1768730939.080066
125,996.8,997.3,997.05,0.5,mini_flash_crash,1768730939.081412
126,996.9,997.2,997.05,0.3000000000000682,mini_flash_crash,1768730939.082716
127,996.2,997.9,997.05,1.6999999999999318,mini_flash_crash,1768730939.083746
128,997.0,997.2,997.1,0.20000000000004547,mini_flash_crash,1768730939.084641
129,997.0,997.2,997.1,0.20000000000004547,mini_flash_crash,1768730939.085535
130,997.0,997.1,997.05,0.10000000000002274,mini_flash_crash,1768730939.086407
131,997.0,997.1,997.05,0.10000000000002274,mini_flash_crash,1768730939.0877419
132,997.0,997.1,997.05,0.10000000000002274,mini_flash_crash,1768730939.0888
133,996.9,997.1,997.0,0.20000000000004547,mini_flash_crash,1768730939.0899498
134,997.0,997.1,997.05,0.10000000000002274,mini_flash_crash,1768730939.091031
135,997.0,997.1,997.05,0.10000000000002274,mini_flash_crash,1768730939.092224
136,997.0,997.1,997.05,0.10000000000002274,mini_flash_crash,1768730939.093324
137,997.0,997.1,997.05,0.10000000000002274,mini_flash_crash,1768730939.0943081
138,997.0,998.4,997.7,1.3999999999999773,mini_flash_crash,1768730939.095306
139,997.0,998.4,997.7,1.3999999999999773,mini_flash_crash,1768730939.096341
140,997.0,998.45,997.725,1.4500000000000455,mini_flash_crash,1768730939.0976372
141,997.3,998.1,997.7,0.8000000000000682,mini_flash_crash,1768730939.098801
142,997.4,998.0,997.7,0.6000000000000227,mini_flash_crash,1768730939.1000729
143,997.0,998.45,997.725,1.4500000000000455,mini_flash_crash,1768730939.1009789
144,997.6,997.7,997.6500000000001,0.10000000000002274,mini_flash_crash,1768730939.10201
145,997.6,997.8,997.7,0.1999999999999318,mini_flash_crash,1768730939.103364
146,997.6,997.7,997.6500000000001,0.10000000000002274,mini_flash_crash,1768730939.104506
147,997.6,997.7,997.6500000000001,0.10000000000002274,mini_flash_crash,1768730939.105491
148,997.0,997.7,997.35,0.7000000000000455,mini_flash_crash,1768730939.106316
149,997.3,997.4,997.3499999999999,0.10000000000002274,mini_flash_crash,1768730939.107157
150,997.3,997.4,997.3499999999999,0.10000000000002274,mini_flash_crash,1768730939.107886
151,997.3,997.4,997.3499999999999,0.10000000000002274,mini_flash_crash,1768730939.108619
152,997.3,997.4,997.3499999999999,0.10000000000002274,mini_flash_crash,1768730939.1094148
153,997.3,997.4,997.3499999999999,0.10000000000002274,mini_flash_crash,1768730939.110274
154,997.3,997.6,997.45,0.3000000000000682,mini_flash_crash,1768730939.111433
155,997.3,997.8,997.55,0.5,mini_flash_crash,1768730939.1124392
156,997.3,998.45,997.875,1.150000000000091,mini_flash_crash,1768730939.113417
157,997.5,998.2,997.85,0.7000000000000455,mini_flash_crash,1768730939.11435
158,997.5,998.2,997.85,0.7000000000000455,mini_flash_crash,1768730939.115168
159,997.3,998.45,997.875,1.150000000000091,mini_flash_crash,1768730939.116003
160,997.3,998.45,997.875,1.150000000000091,mini_flash_crash,1768730939.116898
161,997.7,997.9,997.8,0.1999999999999318,mini_flash_crash,1768730939.1176152
162,997.3,997.8,997.55,0.5,mini_flash_crash,1768730939.1183622
163,997.3,997.6,997.45,0.3000000000000682,mini_flash_crash,1768730939.119089
164,996.8,997.6,997.2,0.8000000000000682,mini_flash_crash,1768730939.119769
165,996.8,997.55,997.175,0.75,mini_flash_crash,1768730939.121658
166,996.8,997.55,997.175,0.75,mini_flash_crash,1768730939.122468
167,996.8,997.55,997.175,0.75,mini_flash_crash,1768730939.1231759
168,997.0,997.3,997.15,0.2999999999999545,mini_flash_crash,1768730939.1238642
169,996.9,997.4,997.15,0.5,mini_flash_crash,1768730939.124563
170,996.9,997.4,997.15,0.5,mini_flash_crash,1768730939.125259
171,997.1,997.3,997.2,0.1999999999999318,mini_flash_crash,1768730939.125906
172,996.0,997.55,996.775,1.5499999999999545,mini_flash_crash,1768730939.1265652
173,996.4,997.2,996.8,0.8000000000000682,mini_flash_crash,1768730939.127233
174,996.6,996.8,996.7,0.1999999999999318,mini_flash_crash,1768730939.128673
175,996.6,996.8,996.7,0.1999999999999318,mini_flash_crash,1768730939.1295009
176,995.5,996.7,996.1,1.2000000000000455,mini_flash_crash,1768730939.130173
177,995.4,996.7,996.05,1.3000000000000682,mini_flash_crash,1768730939.130856
178,995.4,996.7,996.05,1.3000000000000682,mini_flash_crash,1768730939.131535
179,995.4,996.8,996.0999999999999,1.3999999999999773,mini_flash_crash,1768730939.132254
180,996.1,996.8,996.45,0.6999999999999318,mini_flash_crash,1768730939.132985
181,996.4,996.9,996.65,0.5,mini_flash_crash,1768730939.133677
182,996.5,996.8,996.65,0.2999999999999545,mini_flash_crash,1768730939.134341
183,996.4,997.2,996.8,0.8000000000000682,mini_flash_crash,1768730939.134946
184,996.8,996.9,996.8499999999999,0.10000000000002274,mini_flash_crash,1768730939.1355782
185,996.1,997.5,996.8,1.3999999999999773,mini_flash_crash,1768730939.136218
186,996.1,997.5,996.8,1.3999999999999773,mini_flash_crash,1768730939.136896
187,996.1,997.5,996.8,1.3999999999999773,mini_flash_crash,1768730939.137575
188,996.7,996.9,996.8,0.1999999999999318,mini_flash_crash,1768730939.1382651
189,996.1,997.5,996.8,1.3999999999999773,mini_flash_crash,1768730939.138943
190,996.8,997.0,996.9,0.20000000000004547,mini_flash_crash,1768730939.1395981
191,996.8,997.0,996.9,0.20000000000004547,mini_flash_crash,1768730939.140219
192,996.3,997.5,996.9,1.2000000000000455,mini_flash_crash,1768730939.140851
193,996.1,996.9,996.5,0.7999999999999545,mini_flash_crash,1768730939.141537
194,996.3,996.7,996.5,0.40000000000009095,mini_flash_crash,1768730939.1422122
195,995.3,996.9,996.0999999999999,1.6000000000000227,mini_flash_crash,1768730939.142872
196,995.6,996.6,996.1,1.0,mini_flash_crash,1768730939.1435058
197,994.8,997.4,996.0999999999999,2.6000000000000227,mini_flash_crash,1768730939.144145
198,996.0,996.2,996.1,0.20000000000004547,mini_flash_crash,1768730939.144763
199,995.7,996.5,996.1,0.7999999999999545,mini_flash_crash,1768730939.1453729
200,995.7,996.1,995.9000000000001,0.39999999999997726,mini_flash_crash,1768730939.146046
201,995.7,996.4,996.05,0.6999999999999318,mini_flash_crash,1768730939.1468601
202,995.8,996.3,996.05,0.5,mini_flash_crash,1768730939.147576
203,995.7,996.4,996.05,0.6999999999999318,mini_flash_crash,1768730939.1482382
204,995.8,996.3,996.05,0.5,mini_flash_crash,1768730939.148888
205,995.6,996.5,996.05,0.8999999999999773,mini_flash_crash,1768730939.149528
206,996.0,996.1,996.05,0.10000000000002274,mini_flash_crash,1768730939.15017
207,995.7,996.1,995.9000000000001,0.39999999999997726,mini_flash_crash,1768730939.150841
208,995.2,996.1,995.6500000000001,0.8999999999999773,mini_flash_crash,1768730939.151604
209,995.3,996.0,995.65,0.7000000000000455,mini_flash_crash,1768730939.152768
210,995.3,996.0,995.65,0.7000000000000455,mini_flash_crash,1768730939.153669
211,994.8,996.1,995.45,1.3000000000000682,mini_flash_crash,1768730939.1548438
212,995.4,995.6,995.5,0.20000000000004547,mini_flash_crash,1768730939.155915
213,995.4,995.8,995.5999999999999,0.39999999999997726,mini_flash_crash,1768730939.1567202
214,995.6,995.8,995.7,0.1999999999999318,mini_flash_crash,1768730939.157668
215,995.6,996.1,995.85,0.5,mini_flash_crash,1768730939.158417
216,995.65,997.55,996.5999999999999,1.8999999999999773,mini_flash_crash,1768730939.160206
217,996.5,996.7,996.6,0.20000000000004547,mini_flash_crash,1768730939.161354
218,995.7,997.5,996.6,1.7999999999999545,mini_flash_crash,1768730939.162407
219,995.65,997.55,996.5999999999999,1.8999999999999773,mini_flash_crash,1768730939.163363
220,996.1,997.1,996.6,1.0,mini_flash_crash,1768730939.164534
221,995.65,997.55,996.5999999999999,1.8999999999999773,mini_flash_crash,1768730939.165513
222,995.9,996.6,996.25,0.7000000000000455,mini_flash_crash,1768730939.166285
223,995.65,996.6,996.125,0.9500000000000455,mini_flash_crash,1768730939.1674051
224,995.65,996.6,996.125,0.9500000000000455,mini_flash_crash,1768730939.168322
225,996.1,996.6,996.35,0.5,mini_flash_crash,1768730939.169069
226,996.1,996.6,996.35,0.5,mini_flash_crash,1768730939.178157
227,996.1,996.6,996.35,0.5,mini_flash_crash,1768730939.179059
228,996.1,996.4,996.25,0.2999999999999545,mini_flash_crash,1768730939.1798358
229,996.1,996.3,996.2,0.1999999999999318,mini_flash_crash,1768730939.18074
230,995.65,996.3,995.9749999999999,0.6499999999999773,mini_flash_crash,1768730939.181495
231,995.65,996.6,996.125,0.9500000000000455,mini_flash_crash,1768730939.182289
232,996.0,996.3,996.15,0.2999999999999545,mini_flash_crash,1768730939.183053
233,995.9,996.4,996.15,0.5,mini_flash_crash,1768730939.183739
234,995.9,996.4,996.15,0.5,mini_flash_crash,1768730939.184352
235,995.9,996.4,996.15,0.5,mini_flash_crash,1768730939.18496
236,995.9,996.4,996.15,0.5,mini_flash_crash,1768730939.185678
237,995.65,996.8,996.2249999999999,1.1499999999999773,mini_flash_crash,1768730939.1864278
238,996.1,996.2,996.1500000000001,0.10000000000002274,mini_flash_crash,1768730939.1875782
239,996.0,996.2,996.1,0.20000000000004547,mini_flash_crash,1768730939.1886961
240,995.65,996.1,995.875,0.4500000000000455,mini_flash_crash,1768730939.189609
241,995.65,996.1,995.875,0.4500000000000455,mini_flash_crash,1768730939.190442
242,995.9,996.1,996.0,0.20000000000004547,mini_flash_crash,1768730939.191315
243,996.0,996.1,996.05,0.10000000000002274,mini_flash_crash,1768730939.192267
244,996.0,996.1,996.05,0.10000000000002274,mini_flash_crash,1768730939.192964
245,996.0,996.1,996.05,0.10000000000002274,mini_flash_crash,1768730939.193697
246,996.0,996.1,996.05,0.10000000000002274,mini_flash_crash,1768730939.194537
247,996.0,996.1,996.05,0.10000000000002274,mini_flash_crash,1768730939.195216
248,996.0,996.1,996.05,0.10000000000002274,mini_flash_crash,1768730939.195879
249,995.9,996.1,996.0,0.20000000000004547,mini_flash_crash,1768730939.1966238
250,995.9,996.1,996.0,0.20000000000004547,mini_flash_crash,1768730939.197398
251,996.0,996.1,996.05,0.10000000000002274,mini_flash_crash,1768730939.198097
252,996.0,996.1,996.05,0.10000000000002274,mini_flash_crash,1768730939.198831
253,996.0,996.2,996.1,0.20000000000004547,mini_flash_crash,1768730939.199497
254,996.0,996.2,996.1,0.20000000000004547,mini_flash_crash,1768730939.200086
255,996.1,996.8,996.45,0.6999999999999318,mini_flash_crash,1768730939.200693
256,996.4,996.5,996.45,0.10000000000002274,mini_flash_crash,1768730939.201421
257,996.4,996.5,996.45,0.10000000000002274,mini_flash_crash,1768730939.202052
258,996.4,996.5,996.45,0.10000000000002274,mini_flash_crash,1768730939.202729
259,996.4,996.5,996.45,0.10000000000002274,mini_flash_crash,1768730939.203451
260,996.4,996.5,996.45,0.10000000000002274,mini_flash_crash,1768730939.2041988
261,996.4,996.5,996.45,0.10000000000002274,mini_flash_crash,1768730939.2048728
262,996.4,996.5,996.45,0.10000000000002274,mini_flash_crash,1768730939.205606
263,995.65,997.3,996.4749999999999,1.6499999999999773,mini_flash_crash,1768730939.2062569
264,996.5,997.5,997.0,1.0,mini_flash_crash,1768730939.206868
265,996.8,997.2,997.0,0.40000000000009095,mini_flash_crash,1768730939.207544
266,996.5,997.55,997.025,1.0499999999999545,mini_flash_crash,1768730939.2081769
267,997.0,997.55,997.275,0.5499999999999545,mini_flash_crash,1768730939.208765
268,997.0,997.55,997.275,0.5499999999999545,mini_flash_crash,1768730939.209379
269,997.1,997.4,997.25,0.2999999999999545,mini_flash_crash,1768730939.2099562
270,997.2,997.55,997.375,0.34999999999990905,mini_flash_crash,1768730939.210588
271,997.4,997.5,997.45,0.10000000000002274,mini_flash_crash,1768730939.211222
272,997.4,997.55,997.4749999999999,0.14999999999997726,mini_flash_crash,1768730939.21184
273,997.4,997.55,997.4749999999999,0.14999999999997726,mini_flash_crash,1768730939.212477
274,997.3,997.55,997.425,0.25,mini_flash_crash,1768730939.2132502
275,997.4,997.5,997.45,0.10000000000002274,mini_flash_crash,1768730939.214027
276,997.4,997.5,997.45,0.10000000000002274,mini_flash_crash,1768730939.214719
277,997.4,997.5,997.45,0.10000000000002274,mini_flash_crash,1768730939.215441
278,997.4,997.5,997.45,0.10000000000002274,mini_flash_crash,1768730939.216147
279,997.4,997.5,997.45,0.10000000000002274,mini_flash_crash,1768730939.216903
280,997.2,997.5,997.35,0.2999999999999545,mini_flash_crash,1768730939.2176042
281,997.2,997.5,997.35,0.2999999999999545,mini_flash_crash,1768730939.218293
282,997.3,997.5,997.4,0.20000000000004547,mini_flash_crash,1768730939.2189372
283,997.2,997.5,997.35,0.2999999999999545,mini_flash_crash,1768730939.219569
284,997.3,997.5,997.4,0.20000000000004547,mini_flash_crash,1768730939.220187
285,997.4,997.5,997.45,0.10000000000002274,mini_flash_crash,1768730939.220858
286,997.4,997.5,997.45,0.10000000000002274,mini_flash_crash,1768730939.22161
287,997.4,997.5,997.45,0.10000000000002274,mini_flash_crash,1768730939.222434
288,997.4,997.5,997.45,0.10000000000002274,mini_flash_crash,1768730939.223191
289,997.4,997.5,997.45,0.10000000000002274,mini_flash_crash,1768730939.223943
290,997.4,997.5,997.45,0.10000000000002274,mini_flash_crash,1768730939.224737
291,997.4,997.5,997.45,0.10000000000002274,mini_flash_crash,1768730939.225621
292,997.4,997.5,997.45,0.10000000000002274,mini_flash_crash,1768730939.226762
293,997.4,997.55,997.4749999999999,0.14999999999997726,mini_flash_crash,1768730939.227544
294,997.4,997.55,997.4749999999999,0.14999999999997726,mini_flash_crash,1768730939.2284212
295,997.4,997.55,997.4749999999999,0.14999999999997726,mini_flash_crash,1768730939.2291431
296,997.4,997.55,997.4749999999999,0.14999999999997726,mini_flash_crash,1768730939.229911
297,997.4,997.55,997.4749999999999,0.14999999999997726,mini_flash_crash,1768730939.230608
298,997.4,997.55,997.4749999999999,0.14999999999997726,mini_flash_crash,1768730939.231349
299,997.4,997.55,997.4749999999999,0.14999999999997726,mini_flash_crash,1768730939.232138
300,997.5,997.55,997.525,0.049999999999954525,mini_flash_crash,1768730939.232836
301,997.5,997.55,997.525,0.049999999999954525,mini_flash_crash,1768730939.23357
302,997.5,997.55,997.525,0.049999999999954525,mini_flash_crash,1768730939.2344398
303,997.5,997.55,997.525,0.049999999999954525,mini_flash_crash,1768730939.2350998
304,997.5,997.55,997.525,0.049999999999954525,mini_flash_crash,1768730939.235796
305,997.5,997.55,997.525,0.049999999999954525,mini_flash_crash,1768730939.236602
306,996.5,997.55,997.025,1.0499999999999545,mini_flash_crash,1768730939.237273
307,996.8,997.3,997.05,0.5,mini_flash_crash,1768730939.238048
308,996.8,997.1,996.95,0.3000000000000682,mini_flash_crash,1768730939.238739
309,996.8,997.1,996.95,0.3000000000000682,mini_flash_crash,1768730939.239447
310,996.2,997.1,996.6500000000001,0.8999999999999773,mini_flash_crash,1768730939.2401652
311,995.65,997.1,996.375,1.4500000000000455,mini_flash_crash,1768730939.240927
312,996.4,996.5,996.45,0.10000000000002274,mini_flash_crash,1768730939.241677
313,996.0,996.9,996.45,0.8999999999999773,mini_flash_crash,1768730939.24236
314,996.1,996.8,996.45,0.6999999999999318,mini_flash_crash,1768730939.2434309
315,996.4,996.6,996.5,0.20000000000004547,mini_flash_crash,1768730939.244218
316,996.1,996.8,996.45,0.6999999999999318,mini_flash_crash,1768730939.244929
317,996.1,996.5,996.3,0.39999999999997726,mini_flash_crash,1768730939.245621
318,996.3,996.4,996.3499999999999,0.10000000000002274,mini_flash_crash,1768730939.246604
319,996.3,996.5,996.4,0.20000000000004547,mini_flash_crash,1768730939.247282
320,996.3,996.5,996.4,0.20000000000004547,mini_flash_crash,1768730939.2479339
321,996.3,996.5,996.4,0.20000000000004547,mini_flash_crash,1768730939.248619
322,995.8,996.5,996.15,0.7000000000000455,mini_flash_crash,1768730939.249305
323,995.9,996.4,996.15,0.5,mini_flash_crash,1768730939.249992
324,995.9,996.4,996.15,0.5,mini_flash_crash,1768730939.2506728
325,996.1,996.3,996.2,0.1999999999999318,mini_flash_crash,1768730939.251345
326,996.1,996.3,996.2,0.1999999999999318,mini_flash_crash,1768730939.2519932
327,996.1,996.3,996.2,0.1999999999999318,mini_flash_crash,1768730939.252665
328,996.1,996.3,996.2,0.1999999999999318,mini_flash_crash,1768730939.25341
329,996.2,996.3,996.25,0.09999999999990905,mini_flash_crash,1768730939.254145
330,996.2,996.6,996.4000000000001,0.39999999999997726,mini_flash_crash,1768730939.255143
331,995.9,996.9,996.4,1.0,mini_flash_crash,1768730939.2558742
332,996.3,996.5,996.4,0.20000000000004547,mini_flash_crash,1768730939.256573
333,996.08,997.4,996.74,1.3199999999999363,mini_flash_crash,1768730939.25859
334,996.2,997.3,996.75,1.099999999999909,mini_flash_crash,1768730939.2596328
335,996.2,997.3,996.75,1.099999999999909,mini_flash_crash,1768730939.260502
336,996.2,997.3,996.75,1.099999999999909,mini_flash_crash,1768730939.261299
337,996.7,996.9,996.8,0.1999999999999318,mini_flash_crash,1768730939.2621598
338,996.6,997.0,996.8,0.39999999999997726,mini_flash_crash,1768730939.263154
339,996.5,997.1,996.8,0.6000000000000227,mini_flash_crash,1768730939.2639282
340,996.6,997.0,996.8,0.39999999999997726,mini_flash_crash,1768730939.2646668
341,996.3,996.8,996.55,0.5,mini_flash_crash,1768730939.26559
342,996.5,996.8,996.65,0.2999999999999545,mini_flash_crash,1768730939.2664142
343,996.5,997.3,996.9,0.7999999999999545,mini_flash_crash,1768730939.2671611
344,996.6,997.2,996.9000000000001,0.6000000000000227,mini_flash_crash,1768730939.267849
345,996.7,996.9,996.8,0.1999999999999318,mini_flash_crash,1768730939.268544
346,996.3,996.9,996.5999999999999,0.6000000000000227,mini_flash_crash,1768730939.269186
347,996.4,996.8,996.5999999999999,0.39999999999997726,mini_flash_crash,1768730939.2699142
348,996.5,996.7,996.6,0.20000000000004547,mini_flash_crash,1768730939.270611
349,996.6,997.2,996.9000000000001,0.6000000000000227,mini_flash_crash,1768730939.271446
350,996.6,997.2,996.9000000000001,0.6000000000000227,mini_flash_crash,1768730939.27217
351,996.6,997.55,997.075,0.9499999999999318,mini_flash_crash,1768730939.27284
352,996.7,997.5,997.1,0.7999999999999545,mini_flash_crash,1768730939.273497
353,996.6,997.55,997.075,0.9499999999999318,mini_flash_crash,1768730939.274397
354,996.6,997.55,997.075,0.9499999999999318,mini_flash_crash,1768730939.2751691
355,997.0,997.2,997.1,0.20000000000004547,mini_flash_crash,1768730939.275834
356,996.7,997.5,997.1,0.7999999999999545,mini_flash_crash,1768730939.2764769
357,996.7,997.5,997.1,0.7999999999999545,mini_flash_crash,1768730939.2771342
358,996.5,997.55,997.025,1.0499999999999545,mini_flash_crash,1768730939.277793
359,997.0,997.1,997.05,0.10000000000002274,mini_flash_crash,1768730939.278485
360,997.0,997.1,997.05,0.10000000000002274,mini_flash_crash,1768730939.279199
361,997.0,997.3,997.15,0.2999999999999545,mini_flash_crash,1768730939.2799182
362,997.0,997.2,997.1,0.20000000000004547,mini_flash_crash,1768730939.2806342
363,996.1,997.2,996.6500000000001,1.1000000000000227,mini_flash_crash,1768730939.281313
364,996.6,997.4,997.0,0.7999999999999545,mini_flash_crash,1768730939.282024
365,996.8,997.0,996.9,0.20000000000004547,mini_flash_crash,1768730939.282699
366,996.6,996.9,996.75,0.2999999999999545,mini_flash_crash,1768730939.28336
367,996.6,996.9,996.75,0.2999999999999545,mini_flash_crash,1768730939.284107
368,996.08,996.8,996.44,0.7199999999999136,mini_flash_crash,1768730939.284832
369,996.1,996.4,996.25,0.2999999999999545,mini_flash_crash,1768730939.285524
370,996.1,996.3,996.2,0.1999999999999318,mini_flash_crash,1768730939.286175
371,996.08,996.4,996.24,0.31999999999993634,mini_flash_crash,1768730939.286815
372,996.2,996.4,996.3,0.1999999999999318,mini_flash_crash,1768730939.287533
373,996.2,996.4,996.3,0.1999999999999318,mini_flash_crash,1768730939.2882
374,996.2,996.4,996.3,0.1999999999999318,mini_flash_crash,1768730939.288914
375,996.2,996.4,996.3,0.1999999999999318,mini_flash_crash,1768730939.289603
376,996.2,996.4,996.3,0.1999999999999318,mini_flash_crash,1768730939.2902122
377,996.2,996.4,996.3,0.1999999999999318,mini_flash_crash,1768730939.2908192
378,996.3,996.4,996.3499999999999,0.10000000000002274,mini_flash_crash,1768730939.291445
379,996.3,996.4,996.3499999999999,0.10000000000002274,mini_flash_crash,1768730939.29207
380,996.3,996.4,996.3499999999999,0.10000000000002274,mini_flash_crash,1768730939.292693
381,996.3,996.4,996.3499999999999,0.10000000000002274,mini_flash_crash,1768730939.293361
382,996.3,996.4,996.3499999999999,0.10000000000002274,mini_flash_crash,1768730939.294003
383,996.3,996.4,996.3499999999999,0.10000000000002274,mini_flash_crash,1768730939.294592
384,996.3,996.4,996.3499999999999,0.10000000000002274,mini_flash_crash,1768730939.2951639
385,996.3,996.4,996.3499999999999,0.10000000000002274,mini_flash_crash,1768730939.295767
386,996.3,996.4,996.3499999999999,0.10000000000002274,mini_flash_crash,1768730939.296438
387,996.3,996.4,996.3499999999999,0.10000000000002274,mini_flash_crash,1768730939.297107
388,996.2,996.4,996.3,0.1999999999999318,mini_flash_crash,1768730939.297792
389,996.2,996.4,996.3,0.1999999999999318,mini_flash_crash,1768730939.2986639
390,996.2,996.5,996.35,0.2999999999999545,mini_flash_crash,1768730939.299366
391,996.2,996.5,996.35,0.2999999999999545,mini_flash_crash,1768730939.3000371
392,996.2,996.5,996.35,0.2999999999999545,mini_flash_crash,1768730939.300677
393,996.2,996.5,996.35,0.2999999999999545,mini_flash_crash,1768730939.3013918
394,996.08,997.0,996.54,0.9199999999999591,mini_flash_crash,1768730939.302009
395,996.5,996.9,996.7,0.39999999999997726,mini_flash_crash,1768730939.302621
396,996.5,997.4,996.95,0.8999999999999773,mini_flash_crash,1768730939.30328
397,996.7,997.0,996.85,0.2999999999999545,mini_flash_crash,1768730939.303892
398,996.8,996.9,996.8499999999999,0.10000000000002274,mini_flash_crash,1768730939.304599
399,996.8,996.9,996.8499999999999,0.10000000000002274,mini_flash_crash,1768730939.3053281
400,996.8,996.9,996.8499999999999,0.10000000000002274,mini_flash_crash,1768730939.306012
401,996.8,997.1,996.95,0.3000000000000682,mini_flash_crash,1768730939.306758
402,996.8,997.55,997.175,0.75,mini_flash_crash,1768730939.3074272
403,996.8,997.2,997.0,0.40000000000009095,mini_flash_crash,1768730939.308085
404,996.8,997.2,997.0,0.40000000000009095,mini_flash_crash,1768730939.3087099
405,996.8,997.2,997.0,0.40000000000009095,mini_flash_crash,1768730939.3093529
406,996.9,997.1,997.0,0.20000000000004547,mini_flash_crash,1768730939.310132
407,996.9,997.1,997.0,0.20000000000004547,mini_flash_crash,1768730939.310803
408,996.8,997.2,997.0,0.40000000000009095,mini_flash_crash,1768730939.3114738
409,996.8,997.2,997.0,0.40000000000009095,mini_flash_crash,1768730939.3120909
410,996.8,997.2,997.0,0.40000000000009095,mini_flash_crash,1768730939.312874
411,996.8,997.2,997.0,0.40000000000009095,mini_flash_crash,1768730939.313706
412,996.8,997.5,997.15,0.7000000000000455,mini_flash_crash,1768730939.31438
413,996.8,997.55,997.175,0.75,mini_flash_crash,1768730939.3150551
414,996.8,997.5,997.15,0.7000000000000455,mini_flash_crash,1768730939.316183
415,996.8,997.5,997.15,0.7000000000000455,mini_flash_crash,1768730939.316896
416,997.1,997.3,997.2,0.1999999999999318,mini_flash_crash,1768730939.317749
417,997.1,997.4,997.25,0.2999999999999545,mini_flash_crash,1768730939.318379
418,997.1,997.4,997.25,0.2999999999999545,mini_flash_crash,1768730939.318996
419,997.1,997.5,997.3,0.39999999999997726,mini_flash_crash,1768730939.319633
420,997.1,997.5,997.3,0.39999999999997726,mini_flash_crash,1768730939.320308
421,997.1,997.55,997.325,0.4499999999999318,mini_flash_crash,1768730939.320991
422,996.9,997.55,997.2249999999999,0.6499999999999773,mini_flash_crash,1768730939.321922
423,996.9,997.55,997.2249999999999,0.6499999999999773,mini_flash_crash,1768730939.322583
424,996.4,997.55,996.9749999999999,1.1499999999999773,mini_flash_crash,1768730939.32341
425,997.0,997.55,997.275,0.5499999999999545,mini_flash_crash,1768730939.324123
426,997.0,997.55,997.275,0.5499999999999545,mini_flash_crash,1768730939.324841
427,997.2,997.4,997.3,0.1999999999999318,mini_flash_crash,1768730939.3254669
428,997.0,997.55,997.275,0.5499999999999545,mini_flash_crash,1768730939.326067
429,997.2,997.3,997.25,0.09999999999990905,mini_flash_crash,1768730939.326717
430,997.2,997.3,997.25,0.09999999999990905,mini_flash_crash,1768730939.327408
431,997.2,997.3,997.25,0.09999999999990905,mini_flash_crash,1768730939.328237
432,997.2,997.3,997.25,0.09999999999990905,mini_flash_crash,1768730939.329042
433,997.2,997.3,997.25,0.09999999999990905,mini_flash_crash,1768730939.3298151
434,997.2,997.3,997.25,0.09999999999990905,mini_flash_crash,1768730939.330692
435,997.2,997.3,997.25,0.09999999999990905,mini_flash_crash,1768730939.3314629
436,997.2,997.3,997.25,0.09999999999990905,mini_flash_crash,1768730939.332169
437,997.1,997.3,997.2,0.1999999999999318,mini_flash_crash,1768730939.332879
438,997.1,997.3,997.2,0.1999999999999318,mini_flash_crash,1768730939.334668
439,997.1,997.3,997.2,0.1999999999999318,mini_flash_crash,1768730939.335443
440,997.1,997.3,997.2,0.1999999999999318,mini_flash_crash,1768730939.3361359
441,997.1,997.3,997.2,0.1999999999999318,mini_flash_crash,1768730939.336843
442,997.1,997.2,997.1500000000001,0.10000000000002274,mini_flash_crash,1768730939.337628
443,997.1,997.2,997.1500000000001,0.10000000000002274,mini_flash_crash,1768730939.33841
444,997.1,997.2,997.1500000000001,0.10000000000002274,mini_flash_crash,1768730939.339079
445,996.08,997.2,996.6400000000001,1.1200000000000045,mini_flash_crash,1768730939.342727
446,996.08,997.2,996.6400000000001,1.1200000000000045,mini_flash_crash,1768730939.3436391
447,996.08,997.3,996.69,1.2199999999999136,mini_flash_crash,1768730939.3445508
448,996.7,996.9,996.8,0.1999999999999318,mini_flash_crash,1768730939.34567
449,996.8,997.5,997.15,0.7000000000000455,mini_flash_crash,1768730939.3471758
450,996.8,997.5,997.15,0.7000000000000455,mini_flash_crash,1768730939.348265
451,997.0,997.3,997.15,0.2999999999999545,mini_flash_crash,1768730939.349355
452,997.0,997.3,997.15,0.2999999999999545,mini_flash_crash,1768730939.3504589
453,996.7,997.52,997.11,0.8199999999999363,mini_flash_crash,1768730939.351462
454,996.1,997.52,996.81,1.419999999999959,mini_flash_crash,1768730939.352385
455,996.2,997.4,996.8,1.1999999999999318,mini_flash_crash,1768730939.3533142
456,996.4,997.2,996.8,0.8000000000000682,mini_flash_crash,1768730939.354336
457,996.2,997.4,996.8,1.1999999999999318,mini_flash_crash,1768730939.3553312
458,996.5,997.1,996.8,0.6000000000000227,mini_flash_crash,1768730939.3560588
459,996.3,997.3,996.8,1.0,mini_flash_crash,1768730939.356868
460,996.5,997.1,996.8,0.6000000000000227,mini_flash_crash,1768730939.357613
461,996.4,997.2,996.8,0.8000000000000682,mini_flash_crash,1768730939.358329
462,996.6,997.0,996.8,0.39999999999997726,mini_flash_crash,1768730939.359051
463,996.5,997.1,996.8,0.6000000000000227,mini_flash_crash,1768730939.359752
464,996.08,996.8,996.44,0.7199999999999136,mini_flash_crash,1768730939.3605828
465,996.3,996.5,996.4,0.20000000000004547,mini_flash_crash,1768730939.3613188
466,996.1,996.7,996.4000000000001,0.6000000000000227,mini_flash_crash,1768730939.362067
467,996.08,996.8,996.44,0.7199999999999136,mini_flash_crash,1768730939.36325
468,996.4,996.5,996.45,0.10000000000002274,mini_flash_crash,1768730939.364183
469,996.08,997.3,996.69,1.2199999999999136,mini_flash_crash,1768730939.364934
470,996.6,996.8,996.7,0.1999999999999318,mini_flash_crash,1768730939.365808
471,996.5,996.9,996.7,0.39999999999997726,mini_flash_crash,1768730939.3670871
472,996.6,996.8,996.7,0.1999999999999318,mini_flash_crash,1768730939.368344
473,996.6,996.8,996.7,0.1999999999999318,mini_flash_crash,1768730939.3695
474,996.08,996.7,996.3900000000001,0.6200000000000045,mini_flash_crash,1768730939.37074
475,996.1,996.7,996.4000000000001,0.6000000000000227,mini_flash_crash,1768730939.371809
476,996.1,996.7,996.4000000000001,0.6000000000000227,mini_flash_crash,1768730939.3727202
477,996.1,996.4,996.25,0.2999999999999545,mini_flash_crash,1768730939.373583
478,996.2,996.4,996.3,0.1999999999999318,mini_flash_crash,1768730939.374732
479,996.2,996.3,996.25,0.09999999999990905,mini_flash_crash,1768730939.375594
480,996.2,996.3,996.25,0.09999999999990905,mini_flash_crash,1768730939.376605
481,996.2,996.3,996.25,0.09999999999990905,mini_flash_crash,1768730939.37761
482,996.2,996.3,996.25,0.09999999999990905,mini_flash_crash,1768730939.378625
483,996.2,996.3,996.25,0.09999999999990905,mini_flash_crash,1768730939.379692
484,996.2,996.3,996.25,0.09999999999990905,mini_flash_crash,1768730939.380672
485,996.08,996.3,996.19,0.2199999999999136,mini_flash_crash,1768730939.381581
486,996.08,996.2,996.1400000000001,0.12000000000000455,mini_flash_crash,1768730939.38359
487,996.08,996.2,996.1400000000001,0.12000000000000455,mini_flash_crash,1768730939.384435
488,996.08,996.2,996.1400000000001,0.12000000000000455,mini_flash_crash,1768730939.385204
489,996.1,996.2,996.1500000000001,0.10000000000002274,mini_flash_crash,1768730939.3861918
490,996.1,996.2,996.1500000000001,0.10000000000002274,mini_flash_crash,1768730939.387083
491,996.08,996.2,996.1400000000001,0.12000000000000455,mini_flash_crash,1768730939.3880582
492,996.08,996.2,996.1400000000001,0.12000000000000455,mini_flash_crash,1768730939.388899
493,996.08,996.9,996.49,0.8199999999999363,mini_flash_crash,1768730939.3896372
494,996.1,996.9,996.5,0.7999999999999545,mini_flash_crash,1768730939.3903842
495,996.2,996.8,996.5,0.599999999999909,mini_flash_crash,1768730939.3910651
496,996.2,996.8,996.5,0.599999999999909,mini_flash_crash,1768730939.391776
497,996.5,996.6,996.55,0.10000000000002274,mini_flash_crash,1768730939.392477
498,996.5,996.7,996.6,0.20000000000004547,mini_flash_crash,1768730939.393167
499,996.5,996.7,996.6,0.20000000000004547,mini_flash_crash,1768730939.3938491
500,996.5,996.6,996.55,0.10000000000002274,mini_flash_crash,1768730939.3945441
501,996.5,996.6,996.55,0.10000000000002274,mini_flash_crash,1768730939.395256
502,996.5,996.6,996.55,0.10000000000002274,mini_flash_crash,1768730939.395954
503,996.5,996.6,996.55,0.10000000000002274,mini_flash_crash,1768730939.396665
504,996.5,996.6,996.55,0.10000000000002274,mini_flash_crash,1768730939.397349
505,996.5,996.6,996.55,0.10000000000002274,mini_flash_crash,1768730939.398022
506,996.5,996.6,996.55,0.10000000000002274,mini_flash_crash,1768730939.39874
507,996.5,996.6,996.55,0.10000000000002274,mini_flash_crash,1768730939.399434
508,996.5,996.6,996.55,0.10000000000002274,mini_flash_crash,1768730939.400106
509,996.5,996.6,996.55,0.10000000000002274,mini_flash_crash,1768730939.400755
510,996.5,997.5,997.0,1.0,mini_flash_crash,1768730939.401649
511,996.3,997.5,996.9,1.2000000000000455,mini_flash_crash,1768730939.402517
512,996.08,997.52,996.8,1.4399999999999409,mini_flash_crash,1768730939.403511
513,996.7,996.9,996.8,0.1999999999999318,mini_flash_crash,1768730939.404702
514,996.7,996.9,996.8,0.1999999999999318,mini_flash_crash,1768730939.4055629
515,996.7,996.9,996.8,0.1999999999999318,mini_flash_crash,1768730939.406531
516,996.7,996.9,996.8,0.1999999999999318,mini_flash_crash,1768730939.407348
517,996.08,997.52,996.8,1.4399999999999409,mini_flash_crash,1768730939.408101
518,996.8,997.3,997.05,0.5,mini_flash_crash,1768730939.409041
519,996.8,997.52,997.16,0.7200000000000273,mini_flash_crash,1768730939.4098141
520,997.0,997.2,997.1,0.20000000000004547,mini_flash_crash,1768730939.410615
521,997.1,997.2,997.1500000000001,0.10000000000002274,mini_flash_crash,1768730939.411408
522,997.1,997.2,997.1500000000001,0.10000000000002274,mini_flash_crash,1768730939.412093
523,997.1,997.2,997.1500000000001,0.10000000000002274,mini_flash_crash,1768730939.412867
524,997.1,997.2,997.1500000000001,0.10000000000002274,mini_flash_crash,1768730939.413582
525,997.0,997.2,997.1,0.20000000000004547,mini_flash_crash,1768730939.41433
526,996.7,997.2,996.95,0.5,mini_flash_crash,1768730939.415092
527,996.6,997.0,996.8,0.39999999999997726,mini_flash_crash,1768730939.41581
528,996.8,997.0,996.9,0.20000000000004547,mini_flash_crash,1768730939.416609
529,996.8,997.2,997.0,0.40000000000009095,mini_flash_crash,1768730939.4173481
530,996.8,997.0,996.9,0.20000000000004547,mini_flash_crash,1768730939.418047
531,996.8,997.0,996.9,0.20000000000004547,mini_flash_crash,1768730939.418756
532,996.8,997.1,996.95,0.3000000000000682,mini_flash_crash,1768730939.4194272
533,996.8,997.2,997.0,0.40000000000009095,mini_flash_crash,1768730939.420161
534,996.8,997.52,997.16,0.7200000000000273,mini_flash_crash,1768730939.420875
535,996.8,997.55,997.175,0.75,mini_flash_crash,1768730939.42183
536,997.1,997.2,997.1500000000001,0.10000000000002274,mini_flash_crash,1768730939.422595
537,996.8,997.2,997.0,0.40000000000009095,mini_flash_crash,1768730939.423253
538,996.5,997.2,996.85,0.7000000000000455,mini_flash_crash,1768730939.42391
539,996.08,997.2,996.6400000000001,1.1200000000000045,mini_flash_crash,1768730939.4258702
540,996.08,997.2,996.6400000000001,1.1200000000000045,mini_flash_crash,1768730939.426642
541,996.1,997.2,996.6500000000001,1.1000000000000227,mini_flash_crash,1768730939.4273741
542,996.5,996.8,996.65,0.2999999999999545,mini_flash_crash,1768730939.428138
543,996.3,996.7,996.5,0.40000000000009095,mini_flash_crash,1768730939.428938
544,996.3,997.0,996.65,0.7000000000000455,mini_flash_crash,1768730939.429767
545,996.3,997.0,996.65,0.7000000000000455,mini_flash_crash,1768730939.430654
546,996.6,997.2,996.9000000000001,0.6000000000000227,mini_flash_crash,1768730939.431666
547,996.6,997.2,996.9000000000001,0.6000000000000227,mini_flash_crash,1768730939.432729
548,996.6,997.2,996.9000000000001,0.6000000000000227,mini_flash_crash,1768730939.433629
549,996.6,997.55,997.075,0.9499999999999318,mini_flash_crash,1768730939.434387
550,996.6,997.55,997.075,0.9499999999999318,mini_flash_crash,1768730939.435159
551,996.9,997.3,997.0999999999999,0.39999999999997726,mini_flash_crash,1768730939.4358778
552,997.0,997.2,997.1,0.20000000000004547,mini_flash_crash,1768730939.436606
553,996.7,997.5,997.1,0.7999999999999545,mini_flash_crash,1768730939.4373062
554,996.7,997.5,997.1,0.7999999999999545,mini_flash_crash,1768730939.4382799
555,996.3,997.9,997.0999999999999,1.6000000000000227,mini_flash_crash,1768730939.4392672
556,996.3,997.1,996.7,0.8000000000000682,mini_flash_crash,1768730939.440126
557,996.6,996.8,996.7,0.1999999999999318,mini_flash_crash,1768730939.440844
558,996.6,996.8,996.7,0.1999999999999318,mini_flash_crash,1768730939.44151
559,996.7,997.0,996.85,0.2999999999999545,mini_flash_crash,1768730939.442274
560,996.7,997.0,996.85,0.2999999999999545,mini_flash_crash,1768730939.4430661
561,996.7,997.4,997.05,0.6999999999999318,mini_flash_crash,1768730939.4438899
562,997.0,997.4,997.2,0.39999999999997726,mini_flash_crash,1768730939.4446132
563,997.0,998.0,997.5,1.0,mini_flash_crash,1768730939.445504
564,996.7,997.5,997.1,0.7999999999999545,mini_flash_crash,1768730939.446576
565,996.7,997.1,996.9000000000001,0.39999999999997726,mini_flash_crash,1768730939.447673
566,996.7,996.9,996.8,0.1999999999999318,mini_flash_crash,1768730939.449074
567,996.7,996.9,996.8,0.1999999999999318,mini_flash_crash,1768730939.450099
568,996.7,997.1,996.9000000000001,0.39999999999997726,mini_flash_crash,1768730939.451029
569,996.7,997.1,996.9000000000001,0.39999999999997726,mini_flash_crash,1768730939.45178
570,996.7,997.1,996.9000000000001,0.39999999999997726,mini_flash_crash,1768730939.452567
571,996.7,997.1,996.9000000000001,0.39999999999997726,mini_flash_crash,1768730939.453262
572,996.1,996.9,996.5,0.7999999999999545,mini_flash_crash,1768730939.453977
573,996.08,996.9,996.49,0.8199999999999363,mini_flash_crash,1768730939.4548218
574,996.08,998.1,997.09,2.019999999999982,mini_flash_crash,1768730939.455863
575,996.9,997.3,997.0999999999999,0.39999999999997726,mini_flash_crash,1768730939.4566422
576,996.9,997.3,997.0999999999999,0.39999999999997726,mini_flash_crash,1768730939.457349
577,996.3,997.9,997.0999999999999,1.6000000000000227,mini_flash_crash,1768730939.4580648
578,996.8,997.4,997.0999999999999,0.6000000000000227,mini_flash_crash,1768730939.458891
579,996.8,997.4,997.0999999999999,0.6000000000000227,mini_flash_crash,1768730939.459692
580,996.9,997.3,997.0999999999999,0.39999999999997726,mini_flash_crash,1768730939.46046
581,996.8,997.4,997.0999999999999,0.6000000000000227,mini_flash_crash,1768730939.4611819
582,996.2,997.1,996.6500000000001,0.8999999999999773,mini_flash_crash,1768730939.461876
583,996.4,996.9,996.65,0.5,mini_flash_crash,1768730939.4626071
584,996.6,996.8,996.7,0.1999999999999318,mini_flash_crash,1768730939.463317
585,996.6,996.8,996.7,0.1999999999999318,mini_flash_crash,1768730939.463951
586,996.6,996.8,996.7,0.1999999999999318,mini_flash_crash,1768730939.464619
587,996.6,996.7,996.6500000000001,0.10000000000002274,mini_flash_crash,1768730939.4653199
588,996.08,996.7,996.3900000000001,0.6200000000000045,mini_flash_crash,1768730939.466017
589,996.08,996.7,996.3900000000001,0.6200000000000045,mini_flash_crash,1768730939.4668028
590,996.08,996.4,996.24,0.31999999999993634,mini_flash_crash,1768730939.467551
591,996.2,996.3,996.25,0.09999999999990905,mini_flash_crash,1768730939.468273
592,996.1,996.3,996.2,0.1999999999999318,mini_flash_crash,1768730939.468977
593,996.1,996.4,996.25,0.2999999999999545,mini_flash_crash,1768730939.469653
594,996.1,996.4,996.25,0.2999999999999545,mini_flash_crash,1768730939.470359
595,996.2,996.6,996.4000000000001,0.39999999999997726,mini_flash_crash,1768730939.4711208
596,996.2,996.7,996.45,0.5,mini_flash_crash,1768730939.471763
597,996.2,996.7,996.45,0.5,mini_flash_crash,1768730939.472377
598,996.2,996.5,996.35,0.2999999999999545,mini_flash_crash,1768730939.472998
599,996.2,996.5,996.35,0.2999999999999545,mini_flash_crash,1768730939.473665
600,996.2,996.4,996.3,0.1999999999999318,mini_flash_crash,1768730939.474349
601,996.2,996.4,996.3,0.1999999999999318,mini_flash_crash,1768730939.475051
602,996.08,996.3,996.19,0.2199999999999136,mini_flash_crash,1768730939.4757388
603,996.08,996.3,996.19,0.2199999999999136,mini_flash_crash,1768730939.4764018
604,996.08,996.2,996.1400000000001,0.12000000000000455,mini_flash_crash,1768730939.477143
605,996.08,996.3,996.19,0.2199999999999136,mini_flash_crash,1768730939.4778318
606,996.08,996.2,996.1400000000001,0.12000000000000455,mini_flash_crash,1768730939.4784908
607,996.08,996.2,996.1400000000001,0.12000000000000455,mini_flash_crash,1768730939.479202
608,996.08,996.3,996.19,0.2199999999999136,mini_flash_crash,1768730939.4799302
609,996.08,996.3,996.19,0.2199999999999136,mini_flash_crash,1768730939.480622
610,996.08,997.0,996.54,0.9199999999999591,mini_flash_crash,1768730939.4812942
611,996.08,997.2,996.6400000000001,1.1200000000000045,mini_flash_crash,1768730939.4838889
612,996.1,997.1,996.6,1.0,mini_flash_crash,1768730939.4848158
613,996.2,997.0,996.6,0.7999999999999545,mini_flash_crash,1768730939.485748
614,996.2,997.0,996.6,0.7999999999999545,mini_flash_crash,1768730939.4864268
615,996.08,996.6,996.34,0.5199999999999818,mini_flash_crash,1768730939.4871008
616,996.08,996.6,996.34,0.5199999999999818,mini_flash_crash,1768730939.487921
617,996.08,996.6,996.34,0.5199999999999818,mini_flash_crash,1768730939.489043
618,996.3,996.4,996.3499999999999,0.10000000000002274,mini_flash_crash,1768730939.490141
619,996.3,996.6,996.45,0.3000000000000682,mini_flash_crash,1768730939.490988
620,996.4,996.5,996.45,0.10000000000002274,mini_flash_crash,1768730939.4916859
621,996.3,996.5,996.4,0.20000000000004547,mini_flash_crash,1768730939.492485
622,996.3,996.5,996.4,0.20000000000004547,mini_flash_crash,1768730939.493338
623,996.3,996.4,996.3499999999999,0.10000000000002274,mini_flash_crash,1768730939.494091
624,996.3,996.4,996.3499999999999,0.10000000000002274,mini_flash_crash,1768730939.494814
625,996.3,996.4,996.3499999999999,0.10000000000002274,mini_flash_crash,1768730939.495519
626,996.3,996.4,996.3499999999999,0.10000000000002274,mini_flash_crash,1768730939.496432
627,996.08,996.4,996.24,0.31999999999993634,mini_flash_crash,1768730939.497379
628,996.08,996.4,996.24,0.31999999999993634,mini_flash_crash,1768730939.4984572
629,996.08,996.4,996.24,0.31999999999993634,mini_flash_crash,1768730939.499498
630,996.2,996.5,996.35,0.2999999999999545,mini_flash_crash,1768730939.5003588
631,996.2,996.5,996.35,0.2999999999999545,mini_flash_crash,1768730939.501127
632,996.2,996.8,996.5,0.599999999999909,mini_flash_crash,1768730939.5017788
633,996.2,998.0,997.1,1.7999999999999545,mini_flash_crash,1768730939.502574
634,996.8,997.4,997.0999999999999,0.6000000000000227,mini_flash_crash,1768730939.5032792
635,997.0,997.2,997.1,0.20000000000004547,mini_flash_crash,1768730939.5039759
636,997.0,997.2,997.1,0.20000000000004547,mini_flash_crash,1768730939.50486
637,996.8,997.4,997.0999999999999,0.6000000000000227,mini_flash_crash,1768730939.505684
638,997.1,998.0,997.55,0.8999999999999773,mini_flash_crash,1768730939.5065641
639,997.5,997.7,997.6,0.20000000000004547,mini_flash_crash,1768730939.5073211
640,997.5,998.0,997.75,0.5,mini_flash_crash,1768730939.508022
641,997.5,998.1,997.8,0.6000000000000227,mini_flash_crash,1768730939.508784
642,997.7,997.9,997.8,0.1999999999999318,mini_flash_crash,1768730939.509567
643,997.5,997.8,997.65,0.2999999999999545,mini_flash_crash,1768730939.51041
644,997.6,997.8,997.7,0.1999999999999318,mini_flash_crash,1768730939.511272
645,997.7,998.45,998.075,0.75,mini_flash_crash,1768730939.512164
646,997.7,998.45,998.075,0.75,mini_flash_crash,1768730939.513233
647,997.7,998.45,998.075,0.75,mini_flash_crash,1768730939.514175
648,997.7,998.45,998.075,0.75,mini_flash_crash,1768730939.5150049
649,997.7,998.45,998.075,0.75,mini_flash_crash,1768730939.515776
650,998.1,998.2,998.1500000000001,0.10000000000002274,mini_flash_crash,1768730939.516628
651,998.1,998.2,998.1500000000001,0.10000000000002274,mini_flash_crash,1768730939.51751
652,997.9,998.2,998.05,0.3000000000000682,mini_flash_crash,1768730939.5182872
653,997.5,998.45,997.975,0.9500000000000455,mini_flash_crash,1768730939.5190861
654,997.9,998.1,998.0,0.20000000000004547,mini_flash_crash,1768730939.519858
655,997.9,998.1,998.0,0.20000000000004547,mini_flash_crash,1768730939.520664
656,997.9,998.1,998.0,0.20000000000004547,mini_flash_crash,1768730939.521558
657,998.0,998.1,998.05,0.10000000000002274,mini_flash_crash,1768730939.522826
658,998.0,998.45,998.225,0.4500000000000455,mini_flash_crash,1768730939.523985
659,998.0,998.2,998.1,0.20000000000004547,mini_flash_crash,1768730939.524958
660,998.1,998.2,998.1500000000001,0.10000000000002274,mini_flash_crash,1768730939.526038
661,998.1,998.2,998.1500000000001,0.10000000000002274,mini_flash_crash,1768730939.526928
662,998.1,998.2,998.1500000000001,0.10000000000002274,mini_flash_crash,1768730939.5278249
663,998.1,998.2,998.1500000000001,0.10000000000002274,mini_flash_crash,1768730939.528579
664,998.1,998.2,998.1500000000001,0.10000000000002274,mini_flash_crash,1768730939.529342
665,998.1,998.2,998.1500000000001,0.10000000000002274,mini_flash_crash,1768730939.53031
666,998.1,998.2,998.1500000000001,0.10000000000002274,mini_flash_crash,1768730939.531096
667,998.1,998.2,998.1500000000001,0.10000000000002274,mini_flash_crash,1768730939.531887
668,998.1,998.2,998.1500000000001,0.10000000000002274,mini_flash_crash,1768730939.5326772
669,998.1,998.2,998.1500000000001,0.10000000000002274,mini_flash_crash,1768730939.533555
670,998.1,998.2,998.1500000000001,0.10000000000002274,mini_flash_crash,1768730939.534533
671,998.1,998.2,998.1500000000001,0.10000000000002274,mini_flash_crash,1768730939.535899
672,998.1,998.2,998.1500000000001,0.10000000000002274,mini_flash_crash,1768730939.536913
673,998.1,998.45,998.2750000000001,0.35000000000002274,mini_flash_crash,1768730939.537842
674,998.1,998.45,998.2750000000001,0.35000000000002274,mini_flash_crash,1768730939.5395079
675,998.1,998.3,998.2,0.1999999999999318,mini_flash_crash,1768730939.5404642
676,998.2,998.3,998.25,0.09999999999990905,mini_flash_crash,1768730939.541781
677,998.2,998.3,998.25,0.09999999999990905,mini_flash_crash,1768730939.544011
678,998.2,998.3,998.25,0.09999999999990905,mini_flash_crash,1768730939.545019
679,998.2,998.3,998.25,0.09999999999990905,mini_flash_crash,1768730939.546347
680,998.2,998.3,998.25,0.09999999999990905,mini_flash_crash,1768730939.547553
681,998.2,998.3,998.25,0.09999999999990905,mini_flash_crash,1768730939.5484722
682,998.2,998.45,998.325,0.25,mini_flash_crash,1768730939.549228
683,998.3,998.45,998.375,0.15000000000009095,mini_flash_crash,1768730939.5500648
684,998.3,998.45,998.375,0.15000000000009095,mini_flash_crash,1768730939.551032
685,998.3,998.45,998.375,0.15000000000009095,mini_flash_crash,1768730939.552007
686,998.3,998.45,998.375,0.15000000000009095,mini_flash_crash,1768730939.5528991
687,998.3,998.5,998.4,0.20000000000004547,mini_flash_crash,1768730939.5538418
688,998.3,999.0,998.65,0.7000000000000455,mini_flash_crash,1768730939.555024
689,998.6,998.8,998.7,0.1999999999999318,mini_flash_crash,1768730939.5570428
690,998.6,998.8,998.7,0.1999999999999318,mini_flash_crash,1768730939.557896
691,998.6,998.7,998.6500000000001,0.10000000000002274,mini_flash_crash,1768730939.5588732
692,998.6,998.7,998.6500000000001,0.10000000000002274,mini_flash_crash,1768730939.559824
693,998.6,998.7,998.6500000000001,0.10000000000002274,mini_flash_crash,1768730939.560703
694,998.6,998.7,998.6500000000001,0.10000000000002274,mini_flash_crash,1768730939.561609
695,998.6,998.8,998.7,0.1999999999999318,mini_flash_crash,1768730939.5624168
696,998.35,999.2,998.7750000000001,0.8500000000000227,mini_flash_crash,1768730939.5637481
697,998.5,999.0,998.75,0.5,mini_flash_crash,1768730939.564765
698,998.7,998.9,998.8,0.1999999999999318,mini_flash_crash,1768730939.566206
699,998.8,998.9,998.8499999999999,0.10000000000002274,mini_flash_crash,1768730939.5672672
700,998.8,998.9,998.8499999999999,0.10000000000002274,mini_flash_crash,1768730939.5682292
701,998.8,999.2,999.0,0.40000000000009095,mini_flash_crash,1768730939.568973
702,998.9,999.1,999.0,0.20000000000004547,mini_flash_crash,1768730939.5697112
703,999.0,999.6,999.3,0.6000000000000227,mini_flash_crash,1768730939.570653
704,999.0,999.7,999.35,0.7000000000000455,mini_flash_crash,1768730939.5716538
705,999.3,999.5,999.4,0.20000000000004547,mini_flash_crash,1768730939.572701
706,999.2,999.6,999.4000000000001,0.39999999999997726,mini_flash_crash,1768730939.573515
707,999.0,1000.08,999.54,1.080000000000041,mini_flash_crash,1768730939.574241
708,999.5,1000.08,999.79,0.5800000000000409,mini_flash_crash,1768730939.575018
709,999.6,1000.0,999.8,0.39999999999997726,mini_flash_crash,1768730939.576054
710,999.6,1000.0,999.8,0.39999999999997726,mini_flash_crash,1768730939.5769222
711,999.5,1000.08,999.79,0.5800000000000409,mini_flash_crash,1768730939.577688
712,999.5,1000.08,999.79,0.5800000000000409,mini_flash_crash,1768730939.578409
713,999.5,1000.08,999.79,0.5800000000000409,mini_flash_crash,1768730939.579159
714,999.5,1000.0,999.75,0.5,mini_flash_crash,1768730939.580238
715,999.5,999.8,999.65,0.2999999999999545,mini_flash_crash,1768730939.580991
716,999.6,999.8,999.7,0.1999999999999318,mini_flash_crash,1768730939.581674
717,999.6,999.8,999.7,0.1999999999999318,mini_flash_crash,1768730939.582359
718,999.6,999.8,999.7,0.1999999999999318,mini_flash_crash,1768730939.583056
719,999.6,999.8,999.7,0.1999999999999318,mini_flash_crash,1768730939.583912
720,999.6,999.7,999.6500000000001,0.10000000000002274,mini_flash_crash,1768730939.584728
721,999.6,999.8,999.7,0.1999999999999318,mini_flash_crash,1768730939.585485
722,999.6,1000.08,999.84,0.4800000000000182,mini_flash_crash,1768730939.586159
723,999.6,1000.08,999.84,0.4800000000000182,mini_flash_crash,1768730939.5868642
724,999.6,999.8,999.7,0.1999999999999318,mini_flash_crash,1768730939.587857
725,999.6,999.7,999.6500000000001,0.10000000000002274,mini_flash_crash,1768730939.588852
726,999.6,999.7,999.6500000000001,0.10000000000002274,mini_flash_crash,1768730939.589677
727,999.6,999.8,999.7,0.1999999999999318,mini_flash_crash,1768730939.590348
728,999.6,999.8,999.7,0.1999999999999318,mini_flash_crash,1768730939.591032
729,999.2,999.7,999.45,0.5,mini_flash_crash,1768730939.591944
730,999.2,999.7,999.45,0.5,mini_flash_crash,1768730939.592812
731,999.2,999.5,999.35,0.2999999999999545,mini_flash_crash,1768730939.593548
732,999.2,999.4,999.3,0.1999999999999318,mini_flash_crash,1768730939.594253
733,999.3,999.4,999.3499999999999,0.10000000000002274,mini_flash_crash,1768730939.594922
734,999.3,999.4,999.3499999999999,0.10000000000002274,mini_flash_crash,1768730939.5956428
735,998.35,999.4,998.875,1.0499999999999545,mini_flash_crash,1768730939.596614
736,998.9,999.4,999.15,0.5,mini_flash_crash,1768730939.597507
737,998.9,999.4,999.15,0.5,mini_flash_crash,1768730939.598231
738,999.0,999.3,999.15,0.2999999999999545,mini_flash_crash,1768730939.59894
739,999.0,999.3,999.15,0.2999999999999545,mini_flash_crash,1768730939.5996082
740,999.0,999.3,999.15,0.2999999999999545,mini_flash_crash,1768730939.600273
741,999.0,999.3,999.15,0.2999999999999545,mini_flash_crash,1768730939.60099
742,999.0,999.3,999.15,0.2999999999999545,mini_flash_crash,1768730939.601714
743,999.0,999.3,999.15,0.2999999999999545,mini_flash_crash,1768730939.6023932
744,999.1,999.3,999.2,0.1999999999999318,mini_flash_crash,1768730939.603086
745,999.1,999.3,999.2,0.1999999999999318,mini_flash_crash,1768730939.6038148
746,999.1,1000.08,999.59,0.9800000000000182,mini_flash_crash,1768730939.604536
747,999.15,999.6,999.375,0.4500000000000455,mini_flash_crash,1768730939.606556
748,999.15,999.4,999.275,0.25,mini_flash_crash,1768730939.60746
749,999.15,999.4,999.275,0.25,mini_flash_crash,1768730939.6081548
750,999.15,999.4,999.275,0.25,mini_flash_crash,1768730939.6088269
751,999.15,999.4,999.275,0.25,mini_flash_crash,1768730939.609511
752,999.2,999.3,999.25,0.09999999999990905,mini_flash_crash,1768730939.610186
753,999.15,1000.08,999.615,0.9300000000000637,mini_flash_crash,1768730939.6108491
754,999.5,999.6,999.55,0.10000000000002274,mini_flash_crash,1768730939.611583
755,999.15,999.6,999.375,0.4500000000000455,mini_flash_crash,1768730939.612351
756,999.4,999.6,999.5,0.20000000000004547,mini_flash_crash,1768730939.613473
757,999.4,999.6,999.5,0.20000000000004547,mini_flash_crash,1768730939.6142788
758,999.15,999.5,999.325,0.35000000000002274,mini_flash_crash,1768730939.614967
759,999.15,999.5,999.325,0.35000000000002274,mini_flash_crash,1768730939.615693
760,999.15,999.5,999.325,0.35000000000002274,mini_flash_crash,1768730939.616411
761,999.2,999.5,999.35,0.2999999999999545,mini_flash_crash,1768730939.617205
762,999.15,999.6,999.375,0.4500000000000455,mini_flash_crash,1768730939.618012
763,999.15,999.6,999.375,0.4500000000000455,mini_flash_crash,1768730939.6187599
764,999.3,999.4,999.3499999999999,0.10000000000002274,mini_flash_crash,1768730939.619597
765,999.15,999.4,999.275,0.25,mini_flash_crash,1768730939.620333
766,999.2,999.3,999.25,0.09999999999990905,mini_flash_crash,1768730939.6210759
767,999.15,999.3,999.2249999999999,0.14999999999997726,mini_flash_crash,1768730939.621977
768,999.15,999.4,999.275,0.25,mini_flash_crash,1768730939.622734
769,999.3,999.9,999.5999999999999,0.6000000000000227,mini_flash_crash,1768730939.62341
770,999.5,999.7,999.6,0.20000000000004547,mini_flash_crash,1768730939.624071
771,999.5,999.7,999.6,0.20000000000004547,mini_flash_crash,1768730939.6247602
772,999.6,1000.0,999.8,0.39999999999997726,mini_flash_crash,1768730939.6254148
773,999.7,999.9,999.8,0.1999999999999318,mini_flash_crash,1768730939.6260722
774,999.8,999.9,999.8499999999999,0.10000000000002274,mini_flash_crash,1768730939.626755
775,999.8,999.9,999.8499999999999,0.10000000000002274,mini_flash_crash,1768730939.6274261
776,999.8,999.9,999.8499999999999,0.10000000000002274,mini_flash_crash,1768730939.628067
777,999.6,999.9,999.75,0.2999999999999545,mini_flash_crash,1768730939.628892
778,999.6,999.9,999.75,0.2999999999999545,mini_flash_crash,1768730939.629814
779,999.6,999.9,999.75,0.2999999999999545,mini_flash_crash,1768730939.630631
780,999.7,999.9,999.8,0.1999999999999318,mini_flash_crash,1768730939.631305
781,999.6,999.8,999.7,0.1999999999999318,mini_flash_crash,1768730939.6319518
782,999.6,999.8,999.7,0.1999999999999318,mini_flash_crash,1768730939.632633
783,999.6,999.8,999.7,0.1999999999999318,mini_flash_crash,1768730939.633335
784,999.7,999.9,999.8,0.1999999999999318,mini_flash_crash,1768730939.6340559
785,999.6,999.9,999.75,0.2999999999999545,mini_flash_crash,1768730939.634837
786,999.15,1000.08,999.615,0.9300000000000637,mini_flash_crash,1768730939.6355321
787,999.15,999.6,999.375,0.4500000000000455,mini_flash_crash,1768730939.636226
788,999.15,999.6,999.375,0.4500000000000455,mini_flash_crash,1768730939.636926
789,999.15,999.6,999.375,0.4500000000000455,mini_flash_crash,1768730939.6376479
790,999.15,999.6,999.375,0.4500000000000455,mini_flash_crash,1768730939.638497
791,999.15,999.4,999.275,0.25,mini_flash_crash,1768730939.6393468
792,999.3,999.4,999.3499999999999,0.10000000000002274,mini_flash_crash,1768730939.640295
793,999.3,1000.08,999.69,0.7800000000000864,mini_flash_crash,1768730939.641182
794,999.5,999.8,999.65,0.2999999999999545,mini_flash_crash,1768730939.6419158
795,999.5,999.8,999.65,0.2999999999999545,mini_flash_crash,1768730939.642655
796,999.6,999.8,999.7,0.1999999999999318,mini_flash_crash,1768730939.643376
797,999.6,999.8,999.7,0.1999999999999318,mini_flash_crash,1768730939.644053
798,999.6,999.8,999.7,0.1999999999999318,mini_flash_crash,1768730939.644701
799,999.3,1000.08,999.69,0.7800000000000864,mini_flash_crash,1768730939.645355
800,999.3,1000.08,999.69,0.7800000000000864,mini_flash_crash,1768730939.6460428
801,999.7,1000.09,999.895,0.38999999999998636,mini_flash_crash,1768730939.647063
802,999.6,1000.09,999.845,0.4900000000000091,mini_flash_crash,1768730939.647808
803,999.6,1000.09,999.845,0.4900000000000091,mini_flash_crash,1768730939.648472
804,999.6,1000.09,999.845,0.4900000000000091,mini_flash_crash,1768730939.64916
805,999.7,999.9,999.8,0.1999999999999318,mini_flash_crash,1768730939.6498492
806,999.7,999.8,999.75,0.09999999999990905,mini_flash_crash,1768730939.650495
807,999.7,999.8,999.75,0.09999999999990905,mini_flash_crash,1768730939.651146
808,999.7,999.8,999.75,0.09999999999990905,mini_flash_crash,1768730939.6517708
809,999.7,999.8,999.75,0.09999999999990905,mini_flash_crash,1768730939.652473
810,999.7,1000.09,999.895,0.38999999999998636,mini_flash_crash,1768730939.653176
811,999.7,1000.09,999.895,0.38999999999998636,mini_flash_crash,1768730939.654005
812,999.8,1000.0,999.9,0.20000000000004547,mini_flash_crash,1768730939.654976
813,999.8,1000.0,999.9,0.20000000000004547,mini_flash_crash,1768730939.655724
814,999.8,1000.0,999.9,0.20000000000004547,mini_flash_crash,1768730939.656592
815,999.7,1000.09,999.895,0.38999999999998636,mini_flash_crash,1768730939.657558
816,999.7,1000.09,999.895,0.38999999999998636,mini_flash_crash,1768730939.658422
817,999.7,1000.09,999.895,0.38999999999998636,mini_flash_crash,1768730939.659185
818,999.7,1000.09,999.895,0.38999999999998636,mini_flash_crash,1768730939.659899
819,999.4,999.9,999.65,0.5,mini_flash_crash,1768730939.6605482
820,999.15,1000.09,999.62,0.9400000000000546,mini_flash_crash,1768730939.6611829
821,999.15,1000.04,999.595,0.8899999999999864,mini_flash_crash,1768730939.663063
822,999.15,1000.04,999.595,0.8899999999999864,mini_flash_crash,1768730939.66402
823,999.5,999.7,999.6,0.20000000000004547,mini_flash_crash,1768730939.664922
824,999.15,999.6,999.375,0.4500000000000455,mini_flash_crash,1768730939.665667
825,999.15,999.6,999.375,0.4500000000000455,mini_flash_crash,1768730939.666379
826,999.3,999.5,999.4,0.20000000000004547,mini_flash_crash,1768730939.667059
827,999.3,999.5,999.4,0.20000000000004547,mini_flash_crash,1768730939.667737
828,999.15,1000.04,999.595,0.8899999999999864,mini_flash_crash,1768730939.668433
829,999.15,1000.04,999.595,0.8899999999999864,mini_flash_crash,1768730939.669106
830,999.15,1000.04,999.595,0.8899999999999864,mini_flash_crash,1768730939.670092
831,999.15,1000.04,999.595,0.8899999999999864,mini_flash_crash,1768730939.670895
832,999.15,1000.04,999.595,0.8899999999999864,mini_flash_crash,1768730939.6716821
833,999.6,999.8,999.7,0.1999999999999318,mini_flash_crash,1768730939.6724632
834,999.6,1000.04,999.8199999999999,0.4399999999999409,mini_flash_crash,1768730939.6731362
835,999.6,1000.04,999.8199999999999,0.4399999999999409,mini_flash_crash,1768730939.673825
836,999.6,1000.04,999.8199999999999,0.4399999999999409,mini_flash_crash,1768730939.674478
837,999.6,1000.04,999.8199999999999,0.4399999999999409,mini_flash_crash,1768730939.675114
838,999.7,1000.0,999.85,0.2999999999999545,mini_flash_crash,1768730939.6757739
839,999.6,1000.04,999.8199999999999,0.4399999999999409,mini_flash_crash,1768730939.676461
840,999.8,1000.04,999.92,0.2400000000000091,mini_flash_crash,1768730939.6770968
841,999.15,1000.04,999.595,0.8899999999999864,mini_flash_crash,1768730939.67773
842,999.15,1000.04,999.595,0.8899999999999864,mini_flash_crash,1768730939.678377
843,999.15,1000.04,999.595,0.8899999999999864,mini_flash_crash,1768730939.67898
844,999.3,999.9,999.5999999999999,0.6000000000000227,mini_flash_crash,1768730939.679793
845,999.4,999.8,999.5999999999999,0.39999999999997726,mini_flash_crash,1768730939.680545
846,999.6,999.8,999.7,0.1999999999999318,mini_flash_crash,1768730939.681238
847,999.6,999.8,999.7,0.1999999999999318,mini_flash_crash,1768730939.6819031
848,999.6,1000.04,999.8199999999999,0.4399999999999409,mini_flash_crash,1768730939.6826198
849,999.6,1000.04,999.8199999999999,0.4399999999999409,mini_flash_crash,1768730939.683341
850,999.3,999.8,999.55,0.5,mini_flash_crash,1768730939.684022
851,999.15,999.8,999.4749999999999,0.6499999999999773,mini_flash_crash,1768730939.6846888
852,999.5,999.6,999.55,0.10000000000002274,mini_flash_crash,1768730939.685409
853,999.5,1000.04,999.77,0.5399999999999636,mini_flash_crash,1768730939.686079
854,999.5,1000.04,999.77,0.5399999999999636,mini_flash_crash,1768730939.686733
855,999.8,1000.04,999.92,0.2400000000000091,mini_flash_crash,1768730939.687407
856,999.8,1000.04,999.92,0.2400000000000091,mini_flash_crash,1768730939.688173
857,999.8,1000.04,999.92,0.2400000000000091,mini_flash_crash,1768730939.6889029
858,999.2,1000.04,999.62,0.8399999999999181,mini_flash_crash,1768730939.68959
859,999.2,1000.0,999.6,0.7999999999999545,mini_flash_crash,1768730939.690322
860,999.6,999.7,999.6500000000001,0.10000000000002274,mini_flash_crash,1768730939.691078
861,999.6,999.9,999.75,0.2999999999999545,mini_flash_crash,1768730939.691754
862,999.15,1000.04,999.595,0.8899999999999864,mini_flash_crash,1768730939.6924381
863,999.15,1000.04,999.595,0.8899999999999864,mini_flash_crash,1768730939.6931121
864,999.5,999.6,999.55,0.10000000000002274,mini_flash_crash,1768730939.693779
865,999.5,999.6,999.55,0.10000000000002274,mini_flash_crash,1768730939.694421
866,999.5,999.6,999.55,0.10000000000002274,mini_flash_crash,1768730939.695057
867,999.5,999.6,999.55,0.10000000000002274,mini_flash_crash,1768730939.6957078
868,999.5,999.6,999.55,0.10000000000002274,mini_flash_crash,1768730939.696512
869,999.5,999.6,999.55,0.10000000000002274,mini_flash_crash,1768730939.697238
870,999.5,999.6,999.55,0.10000000000002274,mini_flash_crash,1768730939.6979342
871,999.5,999.6,999.55,0.10000000000002274,mini_flash_crash,1768730939.698572
872,999.3,999.6,999.45,0.3000000000000682,mini_flash_crash,1768730939.699299
873,999.3,999.6,999.45,0.3000000000000682,mini_flash_crash,1768730939.700046
874,999.3,999.6,999.45,0.3000000000000682,mini_flash_crash,1768730939.700755
875,999.0,999.9,999.45,0.8999999999999773,mini_flash_crash,1768730939.701546
876,999.0,999.9,999.45,0.8999999999999773,mini_flash_crash,1768730939.702183
877,998.9,1000.0,999.45,1.1000000000000227,mini_flash_crash,1768730939.7028239
878,999.1,999.8,999.45,0.6999999999999318,mini_flash_crash,1768730939.703456
879,998.6,1000.04,999.3199999999999,1.4399999999999409,mini_flash_crash,1768730939.704125
880,998.35,999.99,999.1700000000001,1.6399999999999864,mini_flash_crash,1768730939.7060668
881,998.35,999.99,999.1700000000001,1.6399999999999864,mini_flash_crash,1768730939.706866
882,998.8,999.6,999.2,0.8000000000000682,mini_flash_crash,1768730939.7080362
883,999.1,999.3,999.2,0.1999999999999318,mini_flash_crash,1768730939.709285
884,999.2,999.3,999.25,0.09999999999990905,mini_flash_crash,1768730939.710229
885,999.2,999.7,999.45,0.5,mini_flash_crash,1768730939.711021
886,999.2,999.5,999.35,0.2999999999999545,mini_flash_crash,1768730939.711745
887,998.9,999.5,999.2,0.6000000000000227,mini_flash_crash,1768730939.71265
888,998.35,999.5,998.925,1.1499999999999773,mini_flash_crash,1768730939.7135649
889,998.35,999.5,998.925,1.1499999999999773,mini_flash_crash,1768730939.71451
890,998.35,999.5,998.925,1.1499999999999773,mini_flash_crash,1768730939.715196
891,998.35,999.5,998.925,1.1499999999999773,mini_flash_crash,1768730939.715862
892,998.6,999.2,998.9000000000001,0.6000000000000227,mini_flash_crash,1768730939.716537
893,998.6,999.2,998.9000000000001,0.6000000000000227,mini_flash_crash,1768730939.717178
894,998.6,999.2,998.9000000000001,0.6000000000000227,mini_flash_crash,1768730939.7178738
895,998.6,999.2,998.9000000000001,0.6000000000000227,mini_flash_crash,1768730939.718594
896,998.7,998.9,998.8,0.1999999999999318,mini_flash_crash,1768730939.719321
897,998.7,998.9,998.8,0.1999999999999318,mini_flash_crash,1768730939.7200608
898,998.6,998.9,998.75,0.2999999999999545,mini_flash_crash,1768730939.720757
899,998.35,998.9,998.625,0.5499999999999545,mini_flash_crash,1768730939.72158
900,998.35,998.6,998.475,0.25,mini_flash_crash,1768730939.722327
901,998.35,998.6,998.475,0.25,mini_flash_crash,1768730939.723001
902,998.4,998.6,998.5,0.20000000000004547,mini_flash_crash,1768730939.723716
903,998.4,998.6,998.5,0.20000000000004547,mini_flash_crash,1768730939.724395
904,998.35,998.6,998.475,0.25,mini_flash_crash,1768730939.725089
905,998.35,998.6,998.475,0.25,mini_flash_crash,1768730939.725763
906,998.35,998.6,998.475,0.25,mini_flash_crash,1768730939.7266932
907,998.35,998.6,998.475,0.25,mini_flash_crash,1768730939.727617
908,998.5,998.6,998.55,0.10000000000002274,mini_flash_crash,1768730939.728513
909,998.5,998.6,998.55,0.10000000000002274,mini_flash_crash,1768730939.7295082
910,998.5,998.6,998.55,0.10000000000002274,mini_flash_crash,1768730939.73045
911,998.5,998.6,998.55,0.10000000000002274,mini_flash_crash,1768730939.7313018
912,998.5,998.6,998.55,0.10000000000002274,mini_flash_crash,1768730939.732298
913,998.5,998.6,998.55,0.10000000000002274,mini_flash_crash,1768730939.733172
914,998.5,998.6,998.55,0.10000000000002274,mini_flash_crash,1768730939.734027
915,998.5,998.6,998.55,0.10000000000002274,mini_flash_crash,1768730939.734922
916,998.5,998.6,998.55,0.10000000000002274,mini_flash_crash,1768730939.735819
917,998.5,999.1,998.8,0.6000000000000227,mini_flash_crash,1768730939.736629
918,998.7,998.9,998.8,0.1999999999999318,mini_flash_crash,1768730939.73745
919,998.6,999.0,998.8,0.39999999999997726,mini_flash_crash,1768730939.7385411
920,998.5,999.99,999.245,1.490000000000009,mini_flash_crash,1768730939.7394729
921,998.5,999.2,998.85,0.7000000000000455,mini_flash_crash,1768730939.74086
922,998.8,999.0,998.9,0.20000000000004547,mini_flash_crash,1768730939.741642
923,998.5,999.99,999.245,1.490000000000009,mini_flash_crash,1768730939.743222
924,998.5,999.99,999.245,1.490000000000009,mini_flash_crash,1768730939.743953
925,998.5,999.99,999.245,1.490000000000009,mini_flash_crash,1768730939.744732
926,999.2,999.99,999.595,0.7899999999999636,mini_flash_crash,1768730939.7456121
927,999.2,999.99,999.595,0.7899999999999636,mini_flash_crash,1768730939.746683
928,999.0,999.99,999.495,0.9900000000000091,mini_flash_crash,1768730939.747444
929,998.4,999.99,999.1949999999999,1.5900000000000318,mini_flash_crash,1768730939.74821
930,999.1,999.3,999.2,0.1999999999999318,mini_flash_crash,1768730939.749055
931,998.35,999.99,999.1700000000001,1.6399999999999864,mini_flash_crash,1768730939.749789
932,998.35,999.99,999.1700000000001,1.6399999999999864,mini_flash_crash,1768730939.750846
933,998.4,999.9,999.15,1.5,mini_flash_crash,1768730939.751746
934,998.4,999.9,999.15,1.5,mini_flash_crash,1768730939.752637
935,999.1,999.99,999.5450000000001,0.8899999999999864,mini_flash_crash,1768730939.753789
936,999.1,999.99,999.5450000000001,0.8899999999999864,mini_flash_crash,1768730939.754967
937,998.5,999.99,999.245,1.490000000000009,mini_flash_crash,1768730939.755873
938,998.35,999.99,999.1700000000001,1.6399999999999864,mini_flash_crash,1768730939.756602
939,998.35,999.99,999.1700000000001,1.6399999999999864,mini_flash_crash,1768730939.7574341
940,998.35,999.99,999.1700000000001,1.6399999999999864,mini_flash_crash,1768730939.758292
941,999.1,999.3,999.2,0.1999999999999318,mini_flash_crash,1768730939.7593
942,998.7,999.7,999.2,1.0,mini_flash_crash,1768730939.760173
943,999.2,999.99,999.595,0.7899999999999636,mini_flash_crash,1768730939.760938
944,999.2,999.99,999.595,0.7899999999999636,mini_flash_crash,1768730939.761686
945,999.4,999.8,999.5999999999999,0.39999999999997726,mini_flash_crash,1768730939.762645
946,999.4,999.8,999.5999999999999,0.39999999999997726,mini_flash_crash,1768730939.763573
947,998.7,999.99,999.345,1.2899999999999636,mini_flash_crash,1768730939.764597
948,998.7,999.3,999.0,0.599999999999909,mini_flash_crash,1768730939.765455
949,998.35,999.3,998.825,0.9499999999999318,mini_flash_crash,1768730939.766291
950,998.35,999.3,998.825,0.9499999999999318,mini_flash_crash,1768730939.767112
951,998.35,999.8,999.075,1.4499999999999318,mini_flash_crash,1768730939.7681549
952,999.1,999.6,999.35,0.5,mini_flash_crash,1768730939.7691278
953,999.1,999.6,999.35,0.5,mini_flash_crash,1768730939.770349
954,999.3,999.6,999.45,0.3000000000000682,mini_flash_crash,1768730939.771424
955,999.4,999.6,999.5,0.20000000000004547,mini_flash_crash,1768730939.77301
956,998.35,999.99,999.1700000000001,1.6399999999999864,mini_flash_crash,1768730939.7739131
957,998.9,999.4,999.15,0.5,mini_flash_crash,1768730939.7759628
958,999.0,999.2,999.1,0.20000000000004547,mini_flash_crash,1768730939.776808
959,998.7,999.2,998.95,0.5,mini_flash_crash,1768730939.7775302
960,998.9,999.1,999.0,0.20000000000004547,mini_flash_crash,1768730939.7782211
961,998.35,999.2,998.7750000000001,0.8500000000000227,mini_flash_crash,1768730939.778944
962,998.6,998.9,998.75,0.2999999999999545,mini_flash_crash,1768730939.7798889
963,998.35,999.2,998.7750000000001,0.8500000000000227,mini_flash_crash,1768730939.780642
964,998.35,999.2,998.7750000000001,0.8500000000000227,mini_flash_crash,1768730939.7813828
965,998.35,999.2,998.7750000000001,0.8500000000000227,mini_flash_crash,1768730939.7821681
966,998.5,999.0,998.75,0.5,mini_flash_crash,1768730939.784278
967,998.5,999.0,998.75,0.5,mini_flash_crash,1768730939.7852428
968,998.7,998.8,998.75,0.09999999999990905,mini_flash_crash,1768730939.785999
969,998.35,998.8,998.575,0.4499999999999318,mini_flash_crash,1768730939.786786
970,998.3,998.8,998.55,0.5,mini_flash_crash,1768730939.787735
971,997.3,999.8,998.55,2.5,mini_flash_crash,1768730939.7886899
972,998.5,998.6,998.55,0.10000000000002274,mini_flash_crash,1768730939.78948
973,998.5,998.6,998.55,0.10000000000002274,mini_flash_crash,1768730939.790207
974,997.8,998.6,998.2,0.8000000000000682,mini_flash_crash,1768730939.790931
975,998.2,998.5,998.35,0.2999999999999545,mini_flash_crash,1768730939.7915862
976,998.2,998.5,998.35,0.2999999999999545,mini_flash_crash,1768730939.792243
977,998.2,999.0,998.6,0.7999999999999545,mini_flash_crash,1768730939.792892
978,998.5,998.7,998.6,0.20000000000004547,mini_flash_crash,1768730939.7935512
979,998.2,999.99,999.095,1.7899999999999636,mini_flash_crash,1768730939.794341
980,998.8,999.4,999.0999999999999,0.6000000000000227,mini_flash_crash,1768730939.79552
981,997.9,999.1,998.5,1.2000000000000455,mini_flash_crash,1768730939.7966511
982,997.1,998.5,997.8,1.3999999999999773,mini_flash_crash,1768730939.7979221
983,997.8,998.0,997.9,0.20000000000004547,mini_flash_crash,1768730939.7989602
984,997.8,998.0,997.9,0.20000000000004547,mini_flash_crash,1768730939.7997508
985,997.9,998.3,998.0999999999999,0.39999999999997726,mini_flash_crash,1768730939.8005629
986,997.5,998.3,997.9,0.7999999999999545,mini_flash_crash,1768730939.80136
987,997.5,998.3,997.9,0.7999999999999545,mini_flash_crash,1768730939.8021271
988,997.8,997.9,997.8499999999999,0.10000000000002274,mini_flash_crash,1768730939.803067
989,996.2,997.9,997.05,1.6999999999999318,mini_flash_crash,1768730939.803818
990,997.0,997.7,997.35,0.7000000000000455,mini_flash_crash,1768730939.8047051
991,997.3,997.5,997.4,0.20000000000004547,mini_flash_crash,1768730939.8054311
992,997.3,997.5,997.4,0.20000000000004547,mini_flash_crash,1768730939.806228
993,997.2,997.6,997.4000000000001,0.39999999999997726,mini_flash_crash,1768730939.8069508
994,997.3,997.5,997.4,0.20000000000004547,mini_flash_crash,1768730939.8076491
995,997.3,997.5,997.4,0.20000000000004547,mini_flash_crash,1768730939.808373
996,997.1,997.7,997.4000000000001,0.6000000000000227,mini_flash_crash,1768730939.80907
997,997.3,997.5,997.4,0.20000000000004547,mini_flash_crash,1768730939.809767
998,997.3,997.5,997.4,0.20000000000004547,mini_flash_crash,1768730939.8104541
999,997.3,997.5,997.4,0.20000000000004547,mini_flash_crash,1768730939.811157
1000,997.1,997.7,997.4000000000001,0.6000000000000227,mini_flash_crash,1768730939.812099
1001,997.4,997.7,997.55,0.3000000000000682,mini_flash_crash,1768730939.812941
1002,997.4,998.0,997.7,0.6000000000000227,mini_flash_crash,1768730939.813673
1003,997.4,998.3,997.8499999999999,0.8999999999999773,mini_flash_crash,1768730939.814772
1004,997.6,998.1,997.85,0.5,mini_flash_crash,1768730939.8154418
1005,997.6,998.1,997.85,0.5,mini_flash_crash,1768730939.816098
1006,997.4,998.3,997.8499999999999,0.8999999999999773,mini_flash_crash,1768730939.8167522
1007,997.4,998.6,998.0,1.2000000000000455,mini_flash_crash,1768730939.8173928
1008,998.0,998.9,998.45,0.8999999999999773,mini_flash_crash,1768730939.818144
1009,998.2,998.7,998.45,0.5,mini_flash_crash,1768730939.818965
1010,998.1,998.8,998.45,0.6999999999999318,mini_flash_crash,1768730939.81986
1011,997.2,998.9,998.05,1.6999999999999318,mini_flash_crash,1768730939.821218
1012,997.8,998.3,998.05,0.5,mini_flash_crash,1768730939.822368
1013,997.8,998.3,998.05,0.5,mini_flash_crash,1768730939.823406
1014,997.1,999.0,998.05,1.8999999999999773,mini_flash_crash,1768730939.824331
1015,997.1,999.0,998.05,1.8999999999999773,mini_flash_crash,1768730939.8252091
1016,997.5,998.6,998.05,1.1000000000000227,mini_flash_crash,1768730939.826108
1017,996.4,999.7,998.05,3.300000000000068,mini_flash_crash,1768730939.8269591
1018,997.2,998.9,998.05,1.6999999999999318,mini_flash_crash,1768730939.827712
1019,997.4,998.1,997.75,0.7000000000000455,mini_flash_crash,1768730939.828491
1020,997.6,997.9,997.75,0.2999999999999545,mini_flash_crash,1768730939.829254
1021,997.1,998.1,997.6,1.0,mini_flash_crash,1768730939.830272
1022,997.5,997.6,997.55,0.10000000000002274,mini_flash_crash,1768730939.8312151
1023,997.5,997.6,997.55,0.10000000000002274,mini_flash_crash,1768730939.832005
1024,997.5,997.6,997.55,0.10000000000002274,mini_flash_crash,1768730939.832743
1025,997.5,997.6,997.55,0.10000000000002274,mini_flash_crash,1768730939.833481
1026,997.5,997.6,997.55,0.10000000000002274,mini_flash_crash,1768730939.8341901
1027,997.5,997.6,997.55,0.10000000000002274,mini_flash_crash,1768730939.8349419
1028,997.5,997.6,997.55,0.10000000000002274,mini_flash_crash,1768730939.8361542
1029,997.5,997.6,997.55,0.10000000000002274,mini_flash_crash,1768730939.836967
1030,997.5,997.6,997.55,0.10000000000002274,mini_flash_crash,1768730939.83775
1031,997.5,997.6,997.55,0.10000000000002274,mini_flash_crash,1768730939.838698
1032,997.5,997.6,997.55,0.10000000000002274,mini_flash_crash,1768730939.839628
1033,997.5,997.6,997.55,0.10000000000002274,mini_flash_crash,1768730939.840445
1034,997.5,997.7,997.6,0.20000000000004547,mini_flash_crash,1768730939.841235
1035,997.1,998.1,997.6,1.0,mini_flash_crash,1768730939.842029
1036,997.6,998.1,997.85,0.5,mini_flash_crash,1768730939.842727
1037,997.6,998.8,998.2,1.1999999999999318,mini_flash_crash,1768730939.8434072
1038,997.7,998.7,998.2,1.0,mini_flash_crash,1768730939.844162
1039,997.6,998.8,998.2,1.1999999999999318,mini_flash_crash,1768730939.845227
1040,998.2,999.0,998.6,0.7999999999999545,mini_flash_crash,1768730939.846117
1041,998.2,998.6,998.4000000000001,0.39999999999997726,mini_flash_crash,1768730939.847141
1042,998.2,998.6,998.4000000000001,0.39999999999997726,mini_flash_crash,1768730939.848086
1043,998.2,998.6,998.4000000000001,0.39999999999997726,mini_flash_crash,1768730939.848831
1044,998.2,998.6,998.4000000000001,0.39999999999997726,mini_flash_crash,1768730939.8495371
1045,998.2,998.6,998.4000000000001,0.39999999999997726,mini_flash_crash,1768730939.850254
1046,998.2,998.6,998.4000000000001,0.39999999999997726,mini_flash_crash,1768730939.850971
1047,997.7,998.6,998.1500000000001,0.8999999999999773,mini_flash_crash,1768730939.851696
1048,997.7,998.6,998.1500000000001,0.8999999999999773,mini_flash_crash,1768730939.852434
1049,996.9,998.6,997.75,1.7000000000000455,mini_flash_crash,1768730939.8532941
1050,996.9,998.6,997.75,1.7000000000000455,mini_flash_crash,1768730939.8544261
1051,997.3,997.8,997.55,0.5,mini_flash_crash,1768730939.856415
1052,997.3,997.6,997.45,0.3000000000000682,mini_flash_crash,1768730939.8574588
1053,997.3,997.8,997.55,0.5,mini_flash_crash,1768730939.858305
1054,997.5,997.7,997.6,0.20000000000004547,mini_flash_crash,1768730939.859078
1055,997.5,997.7,997.6,0.20000000000004547,mini_flash_crash,1768730939.859872
1056,997.4,997.8,997.5999999999999,0.39999999999997726,mini_flash_crash,1768730939.860665
1057,997.4,997.8,997.5999999999999,0.39999999999997726,mini_flash_crash,1768730939.861413
1058,997.4,997.8,997.5999999999999,0.39999999999997726,mini_flash_crash,1768730939.862245
1059,997.0,997.6,997.3,0.6000000000000227,mini_flash_crash,1768730939.863364
1060,997.0,997.6,997.3,0.6000000000000227,mini_flash_crash,1768730939.8641899
1061,997.3,997.6,997.45,0.3000000000000682,mini_flash_crash,1768730939.864964
1062,997.3,997.8,997.55,0.5,mini_flash_crash,1768730939.8657632
1063,997.3,997.8,997.55,0.5,mini_flash_crash,1768730939.866496
1064,997.5,997.7,997.6,0.20000000000004547,mini_flash_crash,1768730939.867191
1065,997.5,997.7,997.6,0.20000000000004547,mini_flash_crash,1768730939.8679428
1066,997.5,997.7,997.6,0.20000000000004547,mini_flash_crash,1768730939.868795
1067,997.3,998.9,998.0999999999999,1.6000000000000227,mini_flash_crash,1768730939.869619
1068,998.1,998.7,998.4000000000001,0.6000000000000227,mini_flash_crash,1768730939.8704782
1069,998.4,999.3,998.8499999999999,0.8999999999999773,mini_flash_crash,1768730939.871413
1070,998.7,998.9,998.8,0.1999999999999318,mini_flash_crash,1768730939.8723469
1071,998.5,998.9,998.7,0.39999999999997726,mini_flash_crash,1768730939.873176
1072,998.7,999.4,999.05,0.6999999999999318,mini_flash_crash,1768730939.8739798
1073,998.4,999.4,998.9,1.0,mini_flash_crash,1768730939.874818
1074,998.8,999.0,998.9,0.20000000000004547,mini_flash_crash,1768730939.875614
1075,998.8,999.0,998.9,0.20000000000004547,mini_flash_crash,1768730939.876394
1076,998.8,999.0,998.9,0.20000000000004547,mini_flash_crash,1768730939.877134
1077,998.5,999.3,998.9,0.7999999999999545,mini_flash_crash,1768730939.877868
1078,998.1,999.7,998.9000000000001,1.6000000000000227,mini_flash_crash,1768730939.878637
1079,998.7,999.1,998.9000000000001,0.39999999999997726,mini_flash_crash,1768730939.879403
1080,998.8,999.0,998.9,0.20000000000004547,mini_flash_crash,1768730939.8801548
1081,998.2,999.6,998.9000000000001,1.3999999999999773,mini_flash_crash,1768730939.881133
1082,998.9,999.0,998.95,0.10000000000002274,mini_flash_crash,1768730939.882095
1083,998.8,999.0,998.9,0.20000000000004547,mini_flash_crash,1768730939.883018
1084,998.8,999.0,998.9,0.20000000000004547,mini_flash_crash,1768730939.8838139
1085,998.8,999.0,998.9,0.20000000000004547,mini_flash_crash,1768730939.884554
1086,997.7,999.0,998.35,1.2999999999999545,mini_flash_crash,1768730939.88528
1087,998.0,998.7,998.35,0.7000000000000455,mini_flash_crash,1768730939.88611
1088,998.0,998.7,998.35,0.7000000000000455,mini_flash_crash,1768730939.886848
1089,998.0,998.7,998.35,0.7000000000000455,mini_flash_crash,1768730939.8876119
1090,998.3,998.7,998.5,0.40000000000009095,mini_flash_crash,1768730939.8885
1091,998.3,998.7,998.5,0.40000000000009095,mini_flash_crash,1768730939.8892758
1092,998.3,998.7,998.5,0.40000000000009095,mini_flash_crash,1768730939.890134
1093,998.3,998.7,998.5,0.40000000000009095,mini_flash_crash,1768730939.890909
1094,998.0,998.7,998.35,0.7000000000000455,mini_flash_crash,1768730939.8919199
1095,997.7,999.0,998.35,1.2999999999999545,mini_flash_crash,1768730939.8927732
1096,997.8,998.9,998.3499999999999,1.1000000000000227,mini_flash_crash,1768730939.893599
1097,998.2,998.5,998.35,0.2999999999999545,mini_flash_crash,1768730939.8943691
1098,998.2,998.5,998.35,0.2999999999999545,mini_flash_crash,1768730939.8950799
1099,998.0,998.4,998.2,0.39999999999997726,mini_flash_crash,1768730939.8958988
1100,998.0,998.4,998.2,0.39999999999997726,mini_flash_crash,1768730939.8969338
1101,998.2,998.4,998.3,0.1999999999999318,mini_flash_crash,1768730939.897795
1102,998.2,998.4,998.3,0.1999999999999318,mini_flash_crash,1768730939.898617
1103,998.2,998.4,998.3,0.1999999999999318,mini_flash_crash,1768730939.8994439
1104,998.2,998.4,998.3,0.1999999999999318,mini_flash_crash,1768730939.9001799
1105,998.2,998.4,998.3,0.1999999999999318,mini_flash_crash,1768730939.9013178
1106,998.2,998.4,998.3,0.1999999999999318,mini_flash_crash,1768730939.902098
1107,998.2,998.4,998.3,0.1999999999999318,mini_flash_crash,1768730939.902834
1108,998.2,998.4,998.3,0.1999999999999318,mini_flash_crash,1768730939.9036539
1109,997.6,998.4,998.0,0.7999999999999545,mini_flash_crash,1768730939.904383
1110,997.3,998.0,997.65,0.7000000000000455,mini_flash_crash,1768730939.9051468
1111,997.6,997.7,997.6500000000001,0.10000000000002274,mini_flash_crash,1768730939.905974
1112,997.6,997.7,997.6500000000001,0.10000000000002274,mini_flash_crash,1768730939.906776
1113,997.6,997.7,997.6500000000001,0.10000000000002274,mini_flash_crash,1768730939.907576
1114,997.6,997.7,997.6500000000001,0.10000000000002274,mini_flash_crash,1768730939.908386
1115,997.6,998.0,997.8,0.39999999999997726,mini_flash_crash,1768730939.909151
1116,997.6,998.0,997.8,0.39999999999997726,mini_flash_crash,1768730939.9098701
1117,997.6,998.0,997.8,0.39999999999997726,mini_flash_crash,1768730939.910623
1118,997.8,998.0,997.9,0.20000000000004547,mini_flash_crash,1768730939.911453
1119,997.8,998.0,997.9,0.20000000000004547,mini_flash_crash,1768730939.9122932
1120,997.9,998.0,997.95,0.10000000000002274,mini_flash_crash,1768730939.9132779
1121,997.9,998.0,997.95,0.10000000000002274,mini_flash_crash,1768730939.9140139
1122,997.9,998.0,997.95,0.10000000000002274,mini_flash_crash,1768730939.9147499
1123,997.9,998.0,997.95,0.10000000000002274,mini_flash_crash,1768730939.915431
1124,997.9,998.0,997.95,0.10000000000002274,mini_flash_crash,1768730939.91617
1125,997.9,998.0,997.95,0.10000000000002274,mini_flash_crash,1768730939.9169102
1126,997.9,998.0,997.95,0.10000000000002274,mini_flash_crash,1768730939.9177222
1127,997.9,998.0,997.95,0.10000000000002274,mini_flash_crash,1768730939.918616
1128,997.7,998.0,997.85,0.2999999999999545,mini_flash_crash,1768730939.9194229
1129,997.4,997.9,997.65,0.5,mini_flash_crash,1768730939.9201941
1130,997.6,997.7,997.6500000000001,0.10000000000002274,mini_flash_crash,1768730939.920948
1131,996.5,997.7,997.1,1.2000000000000455,mini_flash_crash,1768730939.921691
1132,997.0,997.2,997.1,0.20000000000004547,mini_flash_crash,1768730939.92237
1133,997.0,997.2,997.1,0.20000000000004547,mini_flash_crash,1768730939.923114
1134,996.2,998.0,997.1,1.7999999999999545,mini_flash_crash,1768730939.923927
1135,996.8,997.4,997.0999999999999,0.6000000000000227,mini_flash_crash,1768730939.925123
1136,996.3,997.9,997.0999999999999,1.6000000000000227,mini_flash_crash,1768730939.925982
1137,996.8,997.1,996.95,0.3000000000000682,mini_flash_crash,1768730939.926906
1138,996.9,998.0,997.45,1.1000000000000227,mini_flash_crash,1768730939.928159
1139,996.1,997.5,996.8,1.3999999999999773,mini_flash_crash,1768730939.929226
1140,996.1,997.5,996.8,1.3999999999999773,mini_flash_crash,1768730939.930042
1141,996.7,996.8,996.75,0.09999999999990905,mini_flash_crash,1768730939.930814
1142,996.7,996.8,996.75,0.09999999999990905,mini_flash_crash,1768730939.931587
1143,996.7,996.8,996.75,0.09999999999990905,mini_flash_crash,1768730939.9323661
1144,996.7,996.8,996.75,0.09999999999990905,mini_flash_crash,1768730939.9331388
1145,996.7,996.8,996.75,0.09999999999990905,mini_flash_crash,1768730939.9339101
1146,996.7,996.8,996.75,0.09999999999990905,mini_flash_crash,1768730939.934887
1147,996.7,996.9,996.8,0.1999999999999318,mini_flash_crash,1768730939.935644
1148,996.7,996.9,996.8,0.1999999999999318,mini_flash_crash,1768730939.936372
1149,996.8,996.9,996.8499999999999,0.10000000000002274,mini_flash_crash,1768730939.937102
1150,996.7,997.1,996.9000000000001,0.39999999999997726,mini_flash_crash,1768730939.937975
1151,996.7,997.1,996.9000000000001,0.39999999999997726,mini_flash_crash,1768730939.938838
1152,996.9,997.1,997.0,0.20000000000004547,mini_flash_crash,1768730939.9399512
1153,997.0,997.9,997.45,0.8999999999999773,mini_flash_crash,1768730939.9412181
1154,997.1,997.8,997.45,0.6999999999999318,mini_flash_crash,1768730939.942145
1155,997.3,997.6,997.45,0.3000000000000682,mini_flash_crash,1768730939.942923
1156,997.4,997.6,997.5,0.20000000000004547,mini_flash_crash,1768730939.943734
1157,997.5,997.6,997.55,0.10000000000002274,mini_flash_crash,1768730939.944566
1158,997.5,997.8,997.65,0.2999999999999545,mini_flash_crash,1768730939.945406
1159,997.5,998.4,997.95,0.8999999999999773,mini_flash_crash,1768730939.946628
1160,997.9,998.0,997.95,0.10000000000002274,mini_flash_crash,1768730939.947546
1161,997.9,998.0,997.95,0.10000000000002274,mini_flash_crash,1768730939.948548
1162,997.6,998.3,997.95,0.6999999999999318,mini_flash_crash,1768730939.949472
1163,997.4,998.0,997.7,0.6000000000000227,mini_flash_crash,1768730939.950273
1164,997.4,998.3,997.8499999999999,0.8999999999999773,mini_flash_crash,1768730939.951147
1165,997.7,998.0,997.85,0.2999999999999545,mini_flash_crash,1768730939.951941
1166,997.7,998.0,997.85,0.2999999999999545,mini_flash_crash,1768730939.9543302
1167,997.3,998.34,997.8199999999999,1.0400000000000773,mini_flash_crash,1768730939.9554932
1168,996.6,997.8,997.2,1.1999999999999318,mini_flash_crash,1768730939.9564722
1169,997.1,997.3,997.2,0.1999999999999318,mini_flash_crash,1768730939.9574661
1170,997.0,997.4,997.2,0.39999999999997726,mini_flash_crash,1768730939.958497
1171,997.2,997.4,997.3,0.1999999999999318,mini_flash_crash,1768730939.959588
1172,997.3,997.4,997.3499999999999,0.10000000000002274,mini_flash_crash,1768730939.960609
1173,997.3,997.8,997.55,0.5,mini_flash_crash,1768730939.961683
1174,997.3,997.8,997.55,0.5,mini_flash_crash,1768730939.963267
1175,997.3,998.34,997.8199999999999,1.0400000000000773,mini_flash_crash,1768730939.964399
1176,997.3,998.34,997.8199999999999,1.0400000000000773,mini_flash_crash,1768730939.9655209
1177,997.7,997.8,997.75,0.09999999999990905,mini_flash_crash,1768730939.966347
1178,997.2,998.34,997.77,1.1399999999999864,mini_flash_crash,1768730939.968075
1179,997.8,998.34,998.0699999999999,0.5400000000000773,mini_flash_crash,1768730939.9698691
1180,998.0,998.2,998.1,0.20000000000004547,mini_flash_crash,1768730939.971539
1181,997.5,998.34,997.9200000000001,0.8400000000000318,mini_flash_crash,1768730939.972671
1182,997.5,998.3,997.9,0.7999999999999545,mini_flash_crash,1768730939.973568
1183,997.4,998.34,997.87,0.9400000000000546,mini_flash_crash,1768730939.974347
1184,997.8,997.9,997.8499999999999,0.10000000000002274,mini_flash_crash,1768730939.9752262
1185,997.7,997.9,997.8,0.1999999999999318,mini_flash_crash,1768730939.9768808
1186,997.4,997.9,997.65,0.5,mini_flash_crash,1768730939.9801118
1187,997.5,997.8,997.65,0.2999999999999545,mini_flash_crash,1768730939.983001
1188,996.4,997.9,997.15,1.5,mini_flash_crash,1768730939.9847198
1189,996.4,997.9,997.15,1.5,mini_flash_crash,1768730939.9863958
1190,996.7,997.6,997.1500000000001,0.8999999999999773,mini_flash_crash,1768730939.9881878
1191,997.1,997.7,997.4000000000001,0.6000000000000227,mini_flash_crash,1768730939.989425
1192,997.3,997.5,997.4,0.20000000000004547,mini_flash_crash,1768730939.991387
1193,997.4,997.5,997.45,0.10000000000002274,mini_flash_crash,1768730939.99261
1194,997.4,997.5,997.45,0.10000000000002274,mini_flash_crash,1768730939.993758
1195,997.4,997.5,997.45,0.10000000000002274,mini_flash_crash,1768730939.9948318
1196,997.4,997.5,997.45,0.10000000000002274,mini_flash_crash,1768730939.996419
1197,997.4,997.5,997.45,0.10000000000002274,mini_flash_crash,1768730939.998326
1198,997.4,997.5,997.45,0.10000000000002274,mini_flash_crash,1768730940.001462
1199,997.4,997.5,997.45,0.10000000000002274,mini_flash_crash,1768730940.004063
1200,997.4,997.5,997.45,0.10000000000002274,mini_flash_crash,1768730940.0053408
1201,997.4,997.5,997.45,0.10000000000002274,mini_flash_crash,1768730940.006369
1202,997.4,997.9,997.65,0.5,mini_flash_crash,1768730940.0074182
1203,997.4,997.9,997.65,0.5,mini_flash_crash,1768730940.008374
1204,997.4,997.9,997.65,0.5,mini_flash_crash,1768730940.009335
1205,997.4,997.7,997.55,0.3000000000000682,mini_flash_crash,1768730940.010348
1206,997.4,997.6,997.5,0.20000000000004547,mini_flash_crash,1768730940.0114748
1207,997.4,997.6,997.5,0.20000000000004547,mini_flash_crash,1768730940.0128808
1208,997.3,997.6,997.45,0.3000000000000682,mini_flash_crash,1768730940.014653
1209,997.3,997.5,997.4,0.20000000000004547,mini_flash_crash,1768730940.0156941
1210,996.3,997.5,996.9,1.2000000000000455,mini_flash_crash,1768730940.016489
1211,996.7,997.1,996.9000000000001,0.39999999999997726,mini_flash_crash,1768730940.017227
1212,996.5,997.3,996.9,0.7999999999999545,mini_flash_crash,1768730940.017962
1213,996.6,997.2,996.9000000000001,0.6000000000000227,mini_flash_crash,1768730940.018801
1214,996.5,997.3,996.9,0.7999999999999545,mini_flash_crash,1768730940.019639
1215,996.6,997.2,996.9000000000001,0.6000000000000227,mini_flash_crash,1768730940.020383
1216,996.6,997.2,996.9000000000001,0.6000000000000227,mini_flash_crash,1768730940.0212421
1217,996.6,997.2,996.9000000000001,0.6000000000000227,mini_flash_crash,1768730940.022356
1218,996.8,997.0,996.9,0.20000000000004547,mini_flash_crash,1768730940.023197
1219,996.6,997.2,996.9000000000001,0.6000000000000227,mini_flash_crash,1768730940.024048
1220,996.9,997.6,997.25,0.7000000000000455,mini_flash_crash,1768730940.024906
1221,997.1,997.3,997.2,0.1999999999999318,mini_flash_crash,1768730940.025783
1222,996.2,997.2,996.7,1.0,mini_flash_crash,1768730940.02703
1223,996.3,997.1,996.7,0.8000000000000682,mini_flash_crash,1768730940.0278459
1224,996.3,997.1,996.7,0.8000000000000682,mini_flash_crash,1768730940.028616
1225,996.08,997.3,996.69,1.2199999999999136,mini_flash_crash,1768730940.029431
1226,996.08,997.3,996.69,1.2199999999999136,mini_flash_crash,1768730940.030288
1227,996.6,996.8,996.7,0.1999999999999318,mini_flash_crash,1768730940.031072
1228,996.08,996.7,996.3900000000001,0.6200000000000045,mini_flash_crash,1768730940.031882
1229,996.08,996.7,996.3900000000001,0.6200000000000045,mini_flash_crash,1768730940.0328472
1230,996.4,996.5,996.45,0.10000000000002274,mini_flash_crash,1768730940.033658
1231,996.4,996.6,996.5,0.20000000000004547,mini_flash_crash,1768730940.034467
1232,996.3,996.7,996.5,0.40000000000009095,mini_flash_crash,1768730940.035371
1233,996.5,996.6,996.55,0.10000000000002274,mini_flash_crash,1768730940.03629
1234,996.5,996.7,996.6,0.20000000000004547,mini_flash_crash,1768730940.037247
1235,996.5,996.6,996.55,0.10000000000002274,mini_flash_crash,1768730940.038209
1236,996.5,996.6,996.55,0.10000000000002274,mini_flash_crash,1768730940.038974
1237,996.5,996.7,996.6,0.20000000000004547,mini_flash_crash,1768730940.0397
1238,996.3,996.6,996.45,0.3000000000000682,mini_flash_crash,1768730940.0405278
1239,996.3,996.8,996.55,0.5,mini_flash_crash,1768730940.0412989
1240,996.4,996.7,996.55,0.3000000000000682,mini_flash_crash,1768730940.0424519
1241,996.4,996.6,996.5,0.20000000000004547,mini_flash_crash,1768730940.043707
1242,996.4,996.6,996.5,0.20000000000004547,mini_flash_crash,1768730940.0448608
1243,996.4,996.5,996.45,0.10000000000002274,mini_flash_crash,1768730940.0459268
1244,996.4,996.6,996.5,0.20000000000004547,mini_flash_crash,1768730940.046945
1245,996.1,996.6,996.35,0.5,mini_flash_crash,1768730940.048002
1246,996.3,996.6,996.45,0.3000000000000682,mini_flash_crash,1768730940.048867
1247,996.3,996.6,996.45,0.3000000000000682,mini_flash_crash,1768730940.0496588
1248,996.08,996.6,996.34,0.5199999999999818,mini_flash_crash,1768730940.050539
1249,996.3,996.6,996.45,0.3000000000000682,mini_flash_crash,1768730940.051376
1250,996.4,996.6,996.5,0.20000000000004547,mini_flash_crash,1768730940.0523672
1251,996.4,996.5,996.45,0.10000000000002274,mini_flash_crash,1768730940.053236
